2810 4704
687 394 925 451 ΕΥΡΙΠΙΔΟΥ

380 549 515 639 πύργων
533 544 773 632 ἀκοντίζοντας,
794 545 870 618 ὥστ’
891 548 1059 632 ἐπάλξεων

380 653 490 718 λιπεῖν
508 648 644 740 ἐρίπνας
662 652 827 741 φυγάδας·
846 649 930 719 ἀλλά
947 678 997 720 νιν
1014 652 1129 736 πόλιν,

380 751 518 840 κυναγὸς
536 750 629 835 ὡσεί,
649 767 732 832 παῖς
750 751 809 832 σὸς
827 752 1069 841 ἐξαθροίζεται,

381 854 522 944 πύργοις
541 853 571 923 δ’
593 852 743 942 ἐπέστηά
764 846 876 934 αύθις.
896 855 944 935 είς
962 853 993 923 δ’
1014 851 1114 934 ἀλλος
1131 855 1243 936 πύλας

380 952 628 1045 ἠπειγόμεσθα,
647 963 745 1024 τοῦτο
763 957 949 1035 παύσαντες
966 962 1092 1024 νοσοῦν.

380 1056 556 1138 Καπανεὺς
575 1059 611 1126 δὲ
628 1065 703 1137 πῶς
720 1055 844 1143 εἴποιμ’
865 1056 905 1126 ἀν
923 1055 969 1138 ὡς
987 1057 1155 1143 ἐμαίνετος
1176 1096 1179 1107 =

380 1161 600 1249 μακραύχενος
616 1158 678 1249 γὰρ
696 1161 852 1245 κλίμακος
868 1160 1121 1247 προσαμβάσεις

382 1260 462 1343 ἔχων
480 1261 609 1348 ἐχώρει,
628 1264 685 1328 καλ
700 1259 832 1329 τοσόνδ’
854 1262 1036 1347 ἐκόμπασε,

379 1360 458 1449 μηδ’
479 1359 519 1428 ἀν
535 1361 574 1428 τὸ
594 1359 711 1445 σεμνὸν
727 1370 795 1449 πῦρ
813 1389 862 1431 νιν
879 1364 1049 1452 είργόθειν
1066 1361 1147 1442 Διὸς

380 1460 419 1529 τὸ
437 1460 482 1550 μὴ
502 1459 539 1529 ού
557 1459 626 1529 κατ’
647 1459 754 1551 ἀκρων
771 1464 951 1551 περγάμων
969 1464 1054 1533 ἑλεῖν
1070 1466 1180 1534 πόλιν.

381 1567 437 1630 καλ
453 1561 552 1631 ταῦθ’
573 1559 626 1648 ἀμ’
646 1560 782 1652 ἠγόρευε
799 1568 856 1632 καλ
872 1566 1095 1653 πετρούμενος

286 1661 293 1667 ’
382 1662 519 1755 ἀνεῖρφ’,
539 1662 595 1733 ὕπ’
613 1662 716 1754 ἀύιην
734 1662 851 1735 ἀσπίδ’
872 1668 995 1748 εἱλίξας
1012 1662 1126 1753 δέμας,

381 1772 537 1851 κλίμακος
555 1765 700 1853 ἀμείβων
719 1766 801 1848 ξέστ’
823 1767 985 1857 ἐνηλάτων
1002 1772 1127 1857 βάθρα.

380 1865 441 1957 ἤδη
461 1866 492 1935 δ’
513 1867 753 1957 ὑπερβαίνοντα
769 1884 865 1957 γεῖσα
882 1877 1014 1954 τειχέων

380 1971 496 2056 βάλλει
513 1977 657 2060 κεραυνῷ
675 1972 757 2052 Ζεύς
773 1993 837 2041 νιν·
865 1972 1027 2059 ἐκτύπησε
1045 1973 1081 2038 δέ

380 2074 489 2155 χθών,
509 2069 595 2140 ὥστε
613 2075 723 2142 δεῖσαι
739 2075 881 2154 πάντας·
909 2074 944 2142 ἐκ
962 2074 998 2140 δέ
1014 2071 1178 2156 κλιμάκων

383 2173 601 2263 ἐσφενδονᾶτο
617 2179 719 2264 χωρίς
737 2173 884 2263 ἀλλήλων
900 2162 995 2259 μέλη,

382 2276 483 2360 κόμαι
500 2278 558 2361 μὲν
576 2277 624 2357 είς
634 2274 808 2361 Ὄλυμπον,
828 2272 910 2359 αἷμα
928 2270 959 2340 δ’
980 2272 1027 2351 εἰς
1041 2271 1163 2354 χθόνα,

379 2390 486 2465 χεῖρες
505 2380 541 2446 δὲ
557 2383 613 2447 καὶ
629 2377 704 2445 κῶλ’
726 2376 772 2458 ὡς
788 2372 925 2460 κύκλωμ’
941 2371 1070 2456 Ἰξίονος

384 2478 550 2561 εἱλίσσετ’·
578 2480 625 2559 εἷς
642 2486 700 2567 γῆν
718 2477 749 2548 δ’
770 2481 918 2569 ἔμπυρος
934 2483 1054 2546 πίπτει
1070 2473 1189 2562 νεκρός.

383 2578 429 2658 ὦς
447 2579 477 2646 δ’
499 2578 560 2647 εἶδ’
577 2577 752 2674 Ἄδραστος
769 2587 857 2666 Ζῆνα
873 2583 1035 2664 πολέμιον
1053 2580 1195 2666 στρατῷ,

383 2679 444 2760 ἐξω
462 2680 591 2766 τάφρου
609 2688 750 2748 καθῖσεν
764 2678 913 2769 Ἀργείων
932 2680 1081 2766 στρατόν.

286 2772 290 2777 ’
341 2788 344 2793 ’
383 2780 416 2847 οἱ
434 2776 465 2846 δ’
486 2771 527 2845 αὖ
545 2776 623 2866 παρ’
643 2777 735 2867 ἡμῶν
754 2780 861 2861 δεξιὸν
878 2779 961 2859 Διὸς
977 2786 1074 2868 τέρας

385 2881 509 2961 ἰδόντες
526 2880 699 2969 ἐξήλαυνον
717 2878 873 2970 ἁρμάτων
891 2877 988 2961 όχους

385 2984 514 3066 ἱππεῖς,
534 2985 683 3052 ὁπλῖται·
710 2983 777 3062 κείς
794 2977 865 3068 μέτ’
882 2977 1032 3071 Ἀργείων
1050 2975 1140 3048 όπλα

385 3090 532 3177 ξυνῆψαν
549 3087 638 3176 ἐγχη,
657 3086 769 3154 πάντα
787 3083 816 3153 δ’
837 3077 876 3174 ἦν
894 3081 978 3169 ὁμοῦ
996 3083 1095 3150 κακά·

386 3192 559 3277 ἐθνησκον,
580 3190 757 3272 ἐξέπιπτον
776 3185 920 3276 ἀπάγων
938 3184 1022 3267 ἀπο,

383 3297 498 3381 τροχοί
512 3288 540 3357 τ’
561 3290 706 3378 ἐπήδων,
726 3289 840 3370 ἀξονές
856 3287 883 3356 τ’
904 3285 955 3355 ἐπ’
977 3284 1086 3369 ἀξοσι,

384 3394 493 3476 νεκροὶ
510 3392 546 3456 δὲ
561 3401 688 3479 νεκροῖς
706 3386 937 3477 ἐξεσωρεύονθ’
959 3386 1053 3472 ὁμοῦ.

385 3493 520 3581 πύργων
536 3492 595 3576 μὲν
613 3482 671 3558 οὖν
688 3497 746 3578 γῆς
763 3491 899 3576 ἔσχομεν
915 3484 1131 3574 κατασκαφὰς

387 3594 434 3674 εἰς
451 3592 509 3682 τὴν
526 3600 698 3684 παροῦσαν
715 3591 852 3680 ἡμέραν·
880 3590 910 3656 εἷ
928 3586 959 3655 δ’
980 3583 1114 3677 εύτοχης

385 3695 482 3762 ἐσται
497 3693 537 3762 τὸ
554 3694 673 3762 λοιπὸν
690 3691 748 3782 ἥδε
765 3700 818 3779 γῆ,
838 3698 935 3768 θεοῖς
951 3691 1052 3773 μέλει.

388 3799 458 3878 [καὶ
474 3803 530 3865 νῦν
547 3794 609 3885 γάρ
628 3791 727 3881 αύτην
745 3791 910 3875 δαιμόνων
929 3790 1034 3861 ἐσωσέ
1049 3797 1126 3873 τις]

729 3910 895 3965 ΧΟΡΟΣ.

386 3999 485 4069 καλὸν
501 3996 540 4067 τὸ
558 4003 662 4067 νικᾶν·
689 3994 768 4066 εἶδ’
789 3993 928 4083 ἀμείνον’
950 3997 983 4064 ολ
998 3998 1077 4064 θεολ

292 4154 298 4159 -
387 4104 516 4194 γνώμην
534 4101 675 4187 ἐ’χουσιν,
696 4098 829 4189 εὐτυχὴς
846 4101 915 4188 εἴην
933 4097 1006 4185 ίγοό.
