2810 4704
495 350 728 407 ΦΟΙΝΙΣΣΑΙ

131 506 214 593 ἐμός
231 529 267 571 τε
283 501 345 594 γὰρ
363 516 445 583 παῖς
461 511 520 594 γῆς
538 500 633 573 ὄλωλ’
652 503 865 596 ὑπερθανών,

130 604 279 693 τοίίνομα
296 605 406 694 λαβὼν
423 620 582 695 γενναῖον,
603 606 737 698 άνιαρὸν
755 605 787 676 δ’
808 607 915 695 ἐμοί’·

132 711 171 780 ὃν
190 706 266 800 άρτι
282 715 431 800 κρημνῶν
449 708 484 777 ἰκ
502 711 717 799 δρακοντείων
735 710 817 779 ἰλῶν

134 811 329 903 αὐτοσφαγῆ
349 813 507 901 δύστηνος
524 810 647 898 έκόμιδ
668 812 839 905 ἰνχεροῖν,

132 923 199 1005 βοᾷ
218 916 254 983 δέ
272 916 367 1001 δῶμα
384 922 466 982 πᾶν·
486 913 548 1004 ἰγῶ
567 917 598 983 δ’
618 911 685 1005 ἥκω
703 915 787 1003 μετὰ

132 1025 237 1108 γέρων
256 1014 400 1107 ἀδελφὴν
417 1030 535 1108 γραῖαν
549 1015 727 1109 Ἰοκάστην,
747 1015 841 1101 ὅπως

133 1122 236 1209 λοόση
254 1120 428 1211 πρόθηταί
444 1116 471 1186 τ’
493 1117 592 1189 οἰκέί
614 1116 693 1190 όντα
710 1119 808 1190 παῖδ’
828 1122 917 1207 έμόν.

134 1237 207 1303 τοῖς
223 1220 285 1312 γάρ
303 1227 449 1290 θανοῦσι
462 1220 524 1313 χρὴ
541 1221 598 1292 τὸν
617 1220 654 1292 οἰ
671 1226 855 1312 τεθνηκότα

137 1324 234 1411 τιμάς
252 1324 385 1393 διδόντα
399 1326 538 1408 χθόνιον
557 1317 592 1393 εἰ
611 1332 718 1412 σέβειν
736 1328 828 1395 θεόν.

527 1443 688 1500 ΧΟΡΟΣ.

133 1527 242 1619 βέβηκ’
263 1528 389 1619 ἀδελφὴ
408 1528 448 1619 οη
468 1531 578 1616 δόμων
597 1530 672 1614 ἔξω,
689 1537 808 1622 Κρέον,

133 1630 269 1723 κόρητε
285 1631 408 1724 μητρὸς
422 1630 582 1723 Ἀντιγόνη
601 1640 699 1721 κοινῷ
717 1635 809 1701 ποδί.

114 1816 118 1826 ,
528 1750 681 1806 mum.

132 1849 213 1919 ποῖ,
232 1832 317 1904 κάπλ
333 1843 434 1905 ποίαν
453 1838 643 1927 συμφοράν,
661 1837 799 1927 σήμαινέ
814 1861 883 1924 μοι.

528 1955 689 2011 ΧΟΡΟΣ

133 2039 254 2133 ἤκουσε
270 2046 365 2109 τέκνα
380 2042 557 2129 μονομάχῳ
575 2044 703 2127 μέλλειν
722 2042 796 2131 δορὶ

136 2145 184 2225 εἰς
202 2140 319 2212 οἰσπίδ>
338 2139 426 2233 ἥξειν
441 2147 620 2231 βασιλικῶν
639 2145 749 2231 δόμων
766 2140 862 2231 ὅπερ.

530 2264 683 2320 ΚΡΕΩΝ.

135 2356 210 2430 πῶς
227 2350 308 2439 φῄς,
325 2356 415 2418 νέκυν
432 2375 486 2417 τοι
502 2349 626 2428 παιδὸς
644 2349 822 2438 ἀγαπάζων
840 2349 921 2433 ἐμοῦ

139 2450 194 2520 οὐκ
212 2454 258 2533 εἰς
275 2449 347 2520 τόδ)
367 2442 472 2540 ἦλθον
491 2446 576 2517 ῶστε
593 2453 649 2516 καὶ
665 2447 740 2517 τάδ’
761 2450 891 2518 εἰδέναι.

523 2568 683 2624 ΧΟΡΟΣ.

140 2653 205 2724 ἀλλ’
225 2659 351 2741 σ’ίχεται
365 2657 425 2741 μέν
443 2654 483 2744 σὴ
501 2656 674 2745 κασιγνήτη
693 2655 815 2724 πάλαι·
933 2676 946 2745 J

137 2761 222 2829 δοκῶ
241 2758 271 2828 δ’
292 2757 403 2848 άγῶνα
419 2758 476 2828 τὸν
493 2762 572 2847 περί
588 2765 710 2848 ψυχῆς,
729 2765 846 2850 Κρέον,
886 2756 907 2762 ”

134 2860 196 2953 ἤδη
214 2869 413 2953 πεπρᾶχθαι
430 2864 531 2933 παισὶ
547 2875 653 2930 τοῖσιν
673 2862 823 2931 Οἰδίπου.

526 2981 679 3036 ΚΡΕΩΝ.

135 3068 241 3149 οἰμοι,
259 3063 298 3131 τὸ
315 3068 374 3148 μέν
393 3080 526 3151 σημεῖον
544 3066 664 3152 εἰσορῶ
681 3066 771 3150 τόδε,

136 3162 338 3252 σκυθρωπὸν
357 3157 448 3249 δμμα
465 3167 520 3230 καί
537 3165 720 3249 πρόσωπον
739 3161 873 3251 άγγέλοο
894 3169 898 3183 ’

27 3332 28 3335 ,
136 3270 331 3347 στείχοντος,
352 3264 389 3344 ὃς
405 3271 472 3334 πᾶν
491 3262 620 3354 άγγελεῖ
634 3265 673 3335 τὸ
693 3266 865 3358 δρώμενον.

496 3385 705 3441 ΑΓΓΕΛΟΣ

136 3461 163 3538 ὦ
180 3472 282 3551 τάλας
300 3470 378 3559 έγῶ,
396 3468 455 3540 τίν’
476 3472 561 3539 ε’ίπω
579 3478 689 3557 μῦθον
706 3470 728 3560 ἢ
744 3479 835 3554 τίνας
851 3474 983 3560 λόγους,
1118 3491 1183 3541 1335

526 3590 677 3647 ΚΡΕΩΝ.
1096 3579 1103 3587 ’

135 3673 322 3765 οἰχόμεσθ’·
350 3675 408 3745 οἰκ
425 3676 660 3770 εὐπροσώποις
678 3682 848 3768 φροιμίοις
865 3674 944 3766 άρχη
963 3678 1071 3765 λόγον.

499 3796 708 3854 ΑΓΓΕΛΟΣ.
927 3798 933 3809 ’

137 3873 164 3947 ῶ
181 3884 295 3967 τάλας,
315 3884 439 3961 δισσῶς
457 3879 560 3949 άῦτῶ·
587 3886 713 3972 μεγάλα
729 3881 791 3974 γάρ
810 3888 900 3975 φέρω
917 3883 1010 3952 κακά.

525 4001 677 4058 ΚΡΕΩΝ.

134 4084 222 4180 πρὸς
238 4094 516 4183 πεπραγμένοισιν
534 4085 646 4170 ἄλλοις
662 4089 827 4178 πήμασινς
844 4093 947 4178 λέγεις
965 4089 1000 4157 δέ
1016 4091 1065 4173 τίς
