2810 4704
487 332 717 388 ΦΟΙΝΙΣΣΑΙ

171 491 335 580 Ἔπαφον,
356 479 383 555 ὦ
400 486 481 567 Διὸς
497 489 663 574 γένεθλον,

179 590 301 661 έκάλεό
321 591 456 659 ἐκάλεσα
473 589 628 677 βαρβάρῳ
646 593 724 676 βοᾷ,

179 696 235 774 ίά,
253 695 432 784 βαρβάροις
449 694 567 771 λιταῖς,

177 804 264 884 βᾶθι
279 802 366 882 βᾶθι
382 795 479 862 τάνδε
496 799 570 880 γᾶν·

179 906 234 968 σοί
249 926 297 967 νιν
315 898 439 985 έκνονοι
454 902 579 976 κτίσαν,

179 1003 218 1069 ἂν
237 1002 395 1084 διώνυμοι
412 1003 507 1079 θεαί,

176 1107 398 1192 Περσέφασσα
415 1104 470 1167 καὶ
487 1102 569 1186 φίλα
590 1102 592 1106 ”

179 1206 336 1291 Δαμάτηρ
354 1203 434 1283 θεά,

179 1306 312 1372 πάντων
330 1302 471 1383 άνασοα,
491 1302 623 1368 πάντων
642 1299 677 1387 δὲ
694 1304 743 1364 Γᾶ
760 1294 883 1385 τροφὸς

179 1406 368 1493 ἐκτήσαντο·
395 1410 508 1489 πέμπε
525 1401 718 1490 πυρφόρους

178 1508 276 1588 θεάς,
297 1502 396 1590 άμυνε
412 1506 492 1593 τᾷδε
508 1511 564 1593 μή·

177 1610 286 1677 πάντα
305 1605 335 1674 δ’
356 1605 475 1693 εόπετῆ
493 1613 598 1683 θεοῖς.

478 1712 722 1768 ΕΤΕΟΚΛΗΣ.

158 1844 160 1849 ·
178 1795 290 1881 Χώρει
307 1791 346 1859 σὺ
364 1794 420 1857 καὶ
436 1792 546 1876 κόμιζε
563 1789 618 1857 τὸν
635 1793 817 1866 Μενοικέως

178 1890 318 1983 Κρέοντ’,
339 1890 481 1982 άδελφὸν
497 1890 619 1979 μητρὸς
634 1889 795 1980 Ἰοκάστης
812 1889 902 1978 ἐμῆς,

177 2001 278 2085 λέγων
294 1992 381 2077 τάδ’,
402 1992 447 2074 ὥς
465 1994 569 2062 οἰκεῖα
586 1997 641 2060 καὶ
658 1991 749 2060 κοινὰ
764 1990 888 2076 χθονὸς

178 2100 270 2165 θέλω
288 2096 374 2187 πρὸς
392 2095 490 2166 αὐτὸν
508 2099 683 2182 συμβαλεῖν
699 2095 919 2181 βουλεύματα,

177 2203 256 2290 πρὶν
274 2201 320 2278 εἰς
336 2199 441 2287 μάχην
458 2225 494 2267 τε
510 2202 566 2267 καὶ
583 2197 680 2289 δορὸς
696 2198 787 2280 τάξιν
803 2200 925 2281 μολεῖν.

176 2299 919 2387 καωωταδῶνσῶνμάῄωνἓωόωνωωων

178 2402 246 2490 δρῶ
264 2402 325 2488 γὰρ
345 2398 443 2467 αὐτὸν
460 2400 545 2489 πρὸς
564 2401 685 2483 δόμους
703 2397 852 2479 στείχοντ’
874 2398 980 2480 ἐμούς.

530 2506 681 2561 ΚΡΕΩΝ.

178 2578 310 2685 ήπόλλῗ
331 2584 478 2672 ἐπῆλθον
496 2585 629 2654 εἰσιδεῖν
643 2584 768 2674 χρῄζων
786 2580 826 2666 α’,
846 2582 929 2666 άναξ

176 2685 365 2769 Ἐτεόκλεες,
385 2691 483 2775 πέριξ
500 2689 536 2755 δὲ
552 2689 725 2772 Καδμείων
742 2688 850 2767 πάλας

178 2791 326 2879 φύλακάς
342 2787 369 2857 τ’
390 2789 537 2878 ἐπῆλθον
556 2790 613 2859 σὸν
632 2793 731 2875 δέμας
748 2791 950 2880 θηρώμενος.

476 2902 720 2958 ΕΤΕΟΚΛΗΣ.

177 2976 311 3065 καὶμὴν
330 2978 392 3066 ἐγὼ
411 2977 439 3047 σ’
460 2979 589 3069 ’ἔχρῃζον
607 2981 754 3059 εἰσιδεῖν,
773 2985 890 3067 Κρέον·

177 3081 290 3164 πολλῷ
308 3079 369 3166 γὰρ
389 3072 482 3167 εὗρον
501 3080 619 3158 ἐνδεεῖς
638 3081 826 3165 διαλλαγάς,

179 3176 225 3257 ὡς
243 3179 290 3257 εἷς
306 3179 422 3264 λόγους
440 3187 570 3265 συνῆψα
587 3181 773 3245 Πολυνείκει
789 3180 908 3263 μολών.

440 3302 442 3307 ’
525 3288 676 3342 ΚΡΕΩΝ.

179 3360 303 3452 ήκοοσα
319 3365 430 3448 μεῖζον
448 3362 545 3434 αὐτὸν
563 3364 584 3454 ἢ
603 3368 709 3454 θήβας
727 3380 870 3458 φρονεῖν,

175 3467 268 3554 κήδει
285 3462 311 3532 τ’
327 3465 503 3556 Ἀδράστου
521 3470 577 3533 καὶ
595 3477 722 3557 στρατῷ
739 3470 944 3538 πεποιθότα.

177 3564 245 3634 ἀλλ’
266 3568 314 3645 εἰς
330 3567 432 3649 θεοὺς
446 3569 506 3660 χρή
524 3566 613 3638 ταῦτ’
634 3568 840 3659 ἀναρτήσαντ’
861 3570 957 3652 ἔχειν·

179 3668 200 3736 ἃ
219 3667 249 3736 δ’
270 3666 423 3754 ἐμποδὼν
439 3674 597 3758 μάλιστα,
615 3669 712 3739 ταῦθ’
731 3668 798 3761 ήκω
818 3672 965 3762 φράσων.

476 3783 721 3840 ΕΤΕΟΚΔΗΣ.

178 3856 219 3924 τὰ
236 3871 320 3926 ποῖα
337 3864 456 3942 ταῦτα,
472 3858 530 3926 τὸν
546 3863 641 3947 λόγον
657 3859 719 3952 γὰρ
737 3857 854 3950 άμνοτῦ.

523 3971 675 4025 ΚΡΕΩΝ.

179 4038 249 4131 ἥκει
265 4073 315 4127 τις
332 4048 536 4135 αἰχμάλωτος
549 4047 696 4138 Ἀργείων
712 4050 814 4140 πάρα.
