2810 4704
443 332 674 391 ΦΟΙΝΙΣΣΑΙ
1008 310 1071 375 173

133 504 204 587 [ἐᾶν
223 498 253 569 δ’
275 495 469 573 ἄκλαυστον,
490 488 631 578 άταφον,
652 486 782 564 οἰωνοῖς
797 482 924 572 βοράν]

131 606 171 675 σὺ
191 601 234 686 δ’,
254 600 433 669 ἐκλιποῦσα
450 593 647 684 τριπτύχους
663 589 807 677 θρήνους
823 590 954 674 νεκρῶν,
1074 599 1139 650 1635

131 707 245 794 κόμιζε
264 700 397 790 σαυτήν,
414 695 588 783 Ἀντιγόνῃ,
609 693 718 776 δόμων
737 689 815 770 έσω,

130 815 187 879 καὶ
204 804 412 898 παρθενεύου
430 798 487 888 τὴν
506 798 619 865 ἰοῦσαν
637 792 758 883 ἡμέραν

130 907 274 999 μένουά,
294 907 327 975 έν
344 896 364 995 ᾖ
384 928 421 972 σε
438 906 569 990 λέκτρον
585 899 730 982 Αἵμονος
747 900 846 980 μένει.

445 1015 683 1074 ΑΝΤΙΓΟΝΗ.

132 1110 161 1186 ὦ
180 1117 301 1201 πάτερ,
322 1111 354 1178 έν
373 1108 459 1184 οἵοις
475 1099 600 1187 κείμεθ’
622 1098 756 1178 ἀθλίοις
773 1110 893 1174 κακοῖς.

133 1218 182 1299 ὥς
201 1241 238 1286 σε
257 1213 398 1292 στενάζω
417 1213 483 1274 τῶν
499 1203 705 1290 τεθνηκότων
723 1204 837 1268 πλέον·

135 1320 175 1391 ού
194 1317 257 1408 γὰρ
275 1314 312 1384 τὸ
331 1318 390 1398 μέν
408 1314 463 1377 σοι
479 1304 564 1395 βαρὺ
582 1312 700 1386 κακῶν,
720 1303 758 1371 τὸ
778 1298 808 1369 δ’
830 1298 867 1368 οὐ
886 1299 985 1389 βαρύ,

134 1420 205 1492 ἀλλ’
227 1420 274 1499 εἰς
292 1413 423 1484 ἅπαντα
442 1405 599 1497 δυστυχὴς
616 1407 710 1497 έφυς,
730 1406 845 1494 πάτερ.

136 1524 222 1614 άτδιρ
242 1518 270 1590 σ’
292 1519 403 1610 έρωτιῦ
421 1512 478 1581 τὸν
495 1514 612 1580 νεωστί
630 1516 796 1598 κοίρανον·

135 1634 172 1695 τί
188 1621 276 1693 τόνδ’
296 1620 438 1710 ὑβρίζεις
455 1611 569 1704 πατέρ’
591 1611 800 1679 ἀποστέλλων
816 1608 957 1693 χθονός,ο

137 1734 174 1794 τί
191 1733 410 1808 θεσμοποιεῖς
428 1719 486 1786 ἐπὶ
502 1715 705 1805 ταλαιπώρῳ
724 1718 825 1802 νεκρῷ
830 1741 842 1796 ,·

488 1833 641 1891 ΚΡΕΩΝ.

139 1918 338 1998 Ἐτεοκλέους
353 1912 557 2005 βουλεύματ’,
579 1910 635 1996 ούχ
652 1909 743 2000 ἡμῶν
760 1910 849 1978 τάδε.

448 2032 697 2109 ΑΝΤΙΓΟΝΗμ

141 2115 272 2209 άφρονά
288 2142 333 2205 γε,
352 2112 464 2182 καὶσὺ
483 2112 607 2200 μωρός,
628 2110 665 2189 ὃς
683 2109 807 2177 έπίθου
825 2106 915 2174 τάδε.

491 2231 644 2286 ΚΡΕΩΝ.

140 2322 231 2399 πῶς,·
248 2307 470 2394 άάντεταλμέν’
493 2308 529 2374 οὗ
550 2311 675 2374 δίκαιον
694 2304 840 2370 ἐκπονεῖν
845 2332 857 2385 ,·

449 2422 686 2479 ANTIPONH.

140 2509 213 2592 οόκ,
232 2505 271 2596 ἢν
288 2504 417 2592 πονηρά
434 2499 461 2590 μ’
481 2493 501 2591 ᾖ
519 2507 625 2579 κακῶς
642 2496 668 2567 τ’
690 2498 852 2588 εἰρημένα.

493 2619 646 2674 ΚΡΕΩΝ.

138 2715 176 2778 τί
194 2705 243 2790 δ’,·
262 2701 300 2772 οὗ
320 2704 454 2781 δικαίως
473 2696 529 2768 όδε
547 2702 639 2767 κυσίν
657 2697 855 2785 δοθήσεται,·

451 2819 686 2875 ΑΝΤΙΓΟΝΗ.

143 2903 202 2975 ούκ
220 2904 352 2989 ἐ’ννομον
369 2900 431 2992 γάρ
450 2899 507 2990 τὴν
527 2901 616 2987 δίκην
633 2898 833 2988 πράσσεσθέ
849 2917 909 2957 νιν.

494 3017 646 3071 ΚΡΕΩΝ.

144 3099 239 3184 ε’ίπερ
257 3121 292 3182 γε
310 3096 440 3173 πόλεως
459 3093 579 3182 ἐχθρὸς
596 3085 647 3179 ἦν,
668 3088 727 3156 ούκ
745 3085 865 3177 ἐχθρὸς
883 3082 938 3153 ὦν.

453 3208 689 3265 ΑΝΤΙΓΟΝΗ.

146 3289 261 3359 οὐκοῦν
280 3288 379 3358 έδωκε
396 3295 436 3378 τῇ
454 3291 533 3378 τύχῃ
552 3286 608 3356 τὸν
628 3288 777 3371 δαίμονα.

494 3406 646 3461 ΚΡΕΩΝ.

145 3490 265 3575 καὶτῷ
282 3488 380 3577 τάφῳ
398 3515 453 3555 νυν
471 3484 529 3574 τὴν
548 3486 636 3572 δίκην
654 3487 861 3573 παρασχέτω.

452 3602 688 3661 ANTIPONH.
940 3578 943 3593 '

146 3689 181 3752 τί
197 3684 445 3772 πλημμελήσας,
463 3684 502 3754 τὸ
520 3689 619 3772 μέρος
637 3682 667 3749 εἰ
683 3681 827 3769 μετῆλθε
844 3682 918 3767 νῆες

498 3802 651 3859 ΚΡΕΩΝ.

147 3878 276 3971 δίτοφος
295 3878 346 3951 δ’δ’
367 3878 445 3971 ἁνήρ
451 3933 460 3963 ,
481 3877 526 3959 ὡς
543 3881 670 3968 μάθῃς,
689 3879 868 3968 γενήσεται.

454 3997 692 4054 ΑΝΤΙΓΟΝΗ.

148 4077 211 4166 ἐγώ
231 4101 295 4168 σφε
312 4080 436 4169 θάψω,
456 4074 521 4147 κάν·
533 4075 698 4165 ἀπεννέπῃ
716 4076 825 4154 πόλις.
