2810 4704
689 315 929 372 ΕΥΡΙΠΙΔΟΥ

389 470 524 555 δύναμίν
540 496 576 538 τε
593 474 748 560 πλείστην
764 479 830 539 τῶν
848 471 880 541 έν
899 470 1093 562 ύνθριόποις
1111 472 1184 558 ἔχει.

389 569 458 661 ἆγιύ
475 574 612 662 μεθήκω
631 575 726 661 δεῦρο
744 580 863 663 μυρίαν
881 572 967 663 άγων

387 676 517 764 λόγχην·
544 675 645 764 πένης
660 675 722 766 γὰρ
741 674 835 745 ούδέυ
853 674 980 766 εύγενίης
998 675 1088 767 άνήρ.

509 850 512 859 ,
730 793 889 850 ΧΟΡΟΣ

387 882 443 947 καὶ
459 878 521 969 μὴν
535 878 699 967 Ἐτεοκλῆς
717 880 764 961 εἰς
782 880 959 969 διαλλαγὰς
976 878 1034 950 ὅδε

384 996 499 1072 χωρεῖ·
527 981 585 1051 σὸν
603 983 708 1071 έργον,
726 988 827 1072 μῆτερ
842 980 1000 1072 Ἰοκάστη,
1020 988 1122 1072 λέγειν

271 1112 280 1123 ·
385 1086 538 1153 τοιούσδε
554 1086 686 1169 μύθους
703 1084 754 1164 οῖς
772 1086 957 1167 διαλλάξεις
973 1086 1077 1155 τέκνα.

687 1203 933 1258 ΕΤΕΟΚΛΗΣ.

385 1297 499 1378 μῆτερ,
519 1289 673 1375 πάρειμι·
698 1288 756 1377 τὴν
771 1291 867 1379 χάριν
885 1292 921 1358 δέ
939 1294 994 1359 σοὶ
1011 1289 1123 1371 διδοὺς

344 1406 348 1412 ’
385 1383 500 1479 ἦλθον.
535 1397 569 1457 τί
583 1388 643 1479 χρὴ
663 1391 758 1478 δράν,·
785 1389 908 1479 άρχέτω
929 1394 966 1459 δέ
980 1420 1031 1473 τις
1048 1395 1163 1480 λόγου·

387 1490 432 1573 ὥς
450 1490 537 1582 ἀμφὶ
554 1498 642 1581 τείχη
660 1495 715 1559 καί
733 1495 911 1578 ξυνωρίδας
929 1495 1033 1577 λόχων

384 1596 515 1663 τάσσων
533 1595 670 1678 ἐπέσχον
687 1596 799 1676 πόλιν,
820 1592 913 1675 ὅπως
929 1598 1061 1682 κλύοιμί
1078 1622 1137 1665 σου

384 1697 495 1777 κοινὰς
511 1703 681 1788 βραβείας,
702 1695 756 1776 αἰς
771 1695 984 1766 ὑπόσπονδον
1000 1702 1112 1784 μολεῖν

384 1797 472 1868 τόνδ’
493 1800 643 1881 εἰσεδέξω
660 1805 791 1884 τειχέων
808 1802 955 1869 πείσασά
971 1828 1023 1886 με.

706 1918 912 1974 ΙΟΚΑΣΤΗ.

385 2003 530 2087 ἐπίσχες·
561 2001 655 2072 ούτοι
670 2003 708 2073 τό
726 2003 805 2088 ταχύ
822 2004 880 2093 τὴν
899 2007 988 2095 δίκην
1006 2006 1085 2090 ἕχει·

330 2168 333 2175 .
384 2107 517 2193 βραδεῖς
536 2108 571 2173 δὲ
587 2113 695 2190 μῦθοι
711 2109 867 2175 πλεῖστον
884 2105 1037 2177 όινύουσιν
1055 2107 1171 2194 σοφόν.

384 2209 505 2290 σχάσον
524 2210 560 2276 δέ
578 2208 682 2276 δεινὸν
700 2207 863 2295 όμμακαί
879 2217 990 2295 θυμοῦ
1007 2209 1126 2288 πνοάς·

385 2307 421 2379 ού
440 2309 500 2401 γάρ
518 2310 556 2378 τὸ
575 2298 795 2400 λαιμότμητον
813 2313 943 2404 εἰσορᾷς
959 2311 1043 2399 κάρα

383 2415 557 2504 Γοργόνος,
577 2410 721 2504 ἀδελφὸν
740 2412 770 2482 δ’
792 2416 922 2507 εἰσορᾷς
939 2410 1058 2503 ἥκοντα
1076 2414 1142 2482 σόν.

384 2518 423 2585 σύ
440 2514 467 2583 τ’
488 2508 529 2583 αύ
547 2518 729 2607 πρόσωπον
746 2516 832 2607 πρὸς
848 2525 1038 2605 κασίγνητον
1057 2521 1189 2605 στρέφε,

383 2619 589 2700 Πολύνεικες·
617 2620 664 2700 εἰς
680 2618 742 2708 γάρ
759 2625 874 2685 τοῦτον
893 2617 1019 2702 όμμαοι
1035 2622 1166 2703 βλέπων

383 2723 484 2802 λέξεις
501 2718 527 2788 τ’
548 2719 679 2806 άμεινον
696 2722 793 2788 τοῦδέ
808 2716 835 2786 τ’
857 2719 975 2800 ένδέξει
992 2719 1117 2805 λόγους.

382 2829 581 2914 παραινέσαι
599 2825 635 2890 δὲ
653 2830 747 2911 σφῷν
764 2848 798 2889 τι
813 2823 977 2906 βούλομαι
995 2820 1114 2909 σοφόν·

383 2923 461 2995 όταν
480 2931 576 3017 φίλος
593 2951 644 3003 τις
662 2922 755 3010 άνδρί
772 2926 950 3007 θυμωθεὶς
968 2925 1069 3012 φίλην,

383 3030 431 3111 εἰς
449 3033 481 3099 ἓν
500 3026 667 3099 συνελθὼν
686 3023 801 3112 ὄμματ’
824 3022 966 3111 όμμασιν
985 3026 1081 3113 διδῷ,

383 3131 433 3222 ἐφ’
455 3132 540 3201 οἷσιν
557 3128 641 3222 ἥκει,
660 3138 764 3199 ταῦτα
779 3128 839 3220 χρὴ
857 3130 956 3217 μόνον
974 3140 1121 3211 σκοπεῖν,

381 3241 487 3300 κακῶν
506 3234 542 3300 δέ
558 3243 623 3301 τοῖν
640 3239 719 3323 πρὶν
736 3234 874 3320 μηδενός
891 3239 1004 3317 μνείαν
1022 3232 1113 3315 ἐ’χειν.

384 3337 480 3422 λόγος
496 3334 554 3418 μὲν
573 3326 630 3399 σύν
648 3334 707 3411 σὸς
723 3335 870 3422 πρόσθε,
890 3335 1080 3409 Πολύνεικες
1096 3334 1219 3396 τέκνον·

383 3437 422 3504 σύ
440 3434 501 3524 γὰρ
522 3435 706 3523 στράτευμα
723 3436 894 3501 Δαναϊδῶν
911 3428 999 3520 ἥκεις
1016 3429 1116 3515 ἄγων,

383 3536 480 3606 άδικα
497 3536 694 3618 πεπονθώς,
714 3534 760 3617 ιός
777 3534 817 3605 σὺ
836 3535 915 3625 φῄς·
942 3528 1052 3620 κριτὴς
1069 3531 1107 3597 δέ
1121 3555 1173 3610 τις

382 3648 473 3708 θεῶν
489 3646 616 3729 γένοιτο
633 3643 689 3707 καὶ
707 3635 898 3722 διαλλακτὴς
914 3639 1029 3701 κακῶν.

656 3752 950 3812 ΠΟΛΥΝΕΙΚΗΣ.

383 3844 509 3926 διπλοῦς
527 3843 545 3913 δ
563 3851 674 3930 μῦθος
689 3850 748 3930 τῆς
766 3839 926 3931 ἀληθείας
943 3840 1020 3931 ἔφυ,

381 3945 439 4015 κού
458 3951 617 4015 ποικίλων
635 3948 687 4015 δεῖ
701 3944 820 4030 τᾶνδιχ’
841 3944 1103 4034 ἑρμηνευμάτων·

384 4052 449 4137 ἐ’χει
464 4050 526 4142 γὰρ
546 4049 629 4121 αὐτὰ
646 4051 773 4143 καιρόν·
801 4047 819 4119 ὃ
839 4047 870 4118 δ’
891 4038 1004 4129 ἄδικος
1020 4047 1116 4135 λόγος
