2810 4704
513 422 748 479 ΦΟΙΝΙΣΣΑΙ

526 594 738 649 ῙΟΚΑΣΤΗ.

205 688 313 765 καλῶς
328 680 371 751 τά
387 688 454 751 τῶν
471 688 564 749 θεῶν
581 678 696 748 καὶτὰ
713 685 772 768 τῆς
788 678 888 766 τύχης
905 678 985 762 ἐ’χει·

205 788 326 866 παῖδές
341 810 379 853 τε
396 785 458 872 γάρ
476 808 536 869 μοι
554 784 636 865 ζῶσι
652 779 860 870 κάκπέφευγε
876 787 929 869 γῆ.

204 896 317 980 Κρέων
335 884 368 956 δ’
388 887 473 955 έοικε
490 892 556 953 τῶν
574 885 661 971 έμῶν
678 883 920 972 νυμφευμάτων

204 997 270 1059 τῶν
287 988 315 1056 τ’
336 988 475 1057 Οἰδίπου
495 988 653 1076 δύστηνος
670 983 862 1054 ἀπολαῦσαι
879 990 999 1067 κακῶν,

204 1090 329 1171 παιδὸς
347 1096 533 1180 στερηθείς,
553 1096 593 1178 τῇ
611 1089 711 1157 πόλει
726 1088 786 1174 μέν
804 1085 959 1171 εὐτυχῶς,

208 1194 278 1281 ἰδίᾳ
297 1194 333 1259 δὲ
350 1195 493 1281 λυπρῶς.
531 1188 599 1258 ἀλλ’
620 1187 743 1258 άνελθέ
759 1214 818 1274 μοι
834 1190 950 1273 πάλιν,

207 1300 241 1360 τί
257 1290 342 1361 τάπὶ
357 1294 488 1372 τούτοις
504 1290 601 1361 παῖδ’
622 1292 690 1379 έμώ
711 1294 909 1380 δρασείετον.

527 1410 739 1466 ΑΓΓΕΛΟΣ.

208 1496 247 1564 δα
262 1494 306 1564 τά
323 1496 441 1564 λοιπά·
461 1494 546 1583 δεῦρ’
568 1494 621 1562 ἀεὶ
637 1495 699 1583 γὰρ
718 1494 871 1577 εύτυχεῖς.

527 1611 739 1666 ΙΟΚΑΣΤΗ.

204 1697 292 1767 τοῦτ’
314 1699 362 1777 εἷς
378 1694 532 1765 ὕποπτον
550 1693 663 1775 εἶπας·
683 1691 741 1763 οὐκ
759 1692 880 1761 ἐατέον.

530 1810 740 1868 ΑΓΓΕΛΟΣ.

207 1900 319 1988 μεῖζόν
336 1926 371 1968 τι
384 1900 514 1990 χρῄζεις
530 1899 656 1977 παῖδας
672 1895 694 1985 ἢ
713 1902 954 1982 σεσωσμένους,·

530 2015 740 2072 ῙΟΚΑΣΤΗ.

206 2109 262 2174 καὶ
279 2102 469 2173 τάπίλοιπά
485 2100 524 2190 γ’,
545 2103 576 2170 εἰ
592 2105 701 2182 καλῶς
716 2103 874 2192 πράσσω,
894 2102 1012 2171 κλύειν.

527 2221 739 2276 ΑΓΓΕΛΟΣ.

206 2316 310 2397 μέθες
327 2305 376 2395 μ’·
405 2306 524 2399 ’ἕρημος
542 2320 625 2387 παῖς
641 2305 857 2374 ὑπασπιστοῦ
875 2313 986 2375 σέθεν.
1102 2320 1110 2331 ·

528 2424 739 2479 ΙΟΚΑΣΤΗ.

208 2513 305 2580 κακόν
321 2540 355 2580 τι
371 2512 505 2593 κεύθεις
521 2513 578 2578 καλ
595 2516 719 2598 στέγεις
736 2505 804 2577 ὑπὸ
824 2509 941 2596 σκότῳ.

527 2628 743 2683 ·ΔΓΓΕΛοΣ.

210 2708 267 2778 οάκ
294 2710 332 2781 άν
356 2739 392 2800 γε
411 2712 535 2799 λέξαιμ’
557 2711 607 2783 ἐπ’
629 2711 792 2801 άγαθοῖσι
810 2726 883 2793 σοῖς
899 2712 994 2781 κακά.

527 2830 739 2886 ΙΟΚΑΣΤΗ.

205 2911 244 3003 ἢν
260 2916 306 3005 μή
322 2941 360 3004 γε
377 2919 507 3006 φεύγων
525 2916 667 3006 ἐκφύγῃς
683 2917 770 3008 πρὸς
789 2919 922 3007 αἰθέρα.

527 3033 739 3089 ΑΓΓΕΛΟΣ.

207 3117 294 3182 αἰαῖ·
320 3121 355 3181 τί
370 3112 403 3199 μ’
424 3112 483 3182 οάκ
500 3117 616 3194 ε’ίασας
634 3116 670 3196 έξ
686 3114 860 3203 εὐαγγέλου

207 3216 319 3305 φήμης
336 3211 512 3298 ἀπελθεῖν,
534 3213 618 3287 άλλδι
634 3223 777 3304 μηνῦσαι
793 3218 876 3285 κακά
882 3247 894 3301 ,·

204 3315 253 3386 τῶ
270 3318 374 3385 παῖδε
390 3315 437 3384 τῶ
456 3314 505 3389 σδι
522 3320 690 3403 μέλλετον,
708 3319 903 3410 τολμήματα

206 3421 373 3503 α’ίσχιστα,
390 3422 493 3509 χωρὶς
508 3434 706 3506 μονομαχεῖν
722 3421 848 3503 παντὸς
866 3426 1020 3513 στρατοῦ,

205 3524 353 3602 λέξαντες
364 3519 540 3612 Ἀργείοισι
557 3525 756 3608 Καδμείοισί
771 3548 808 3591 τε

206 3623 254 3702 εἰς
270 3623 378 3691 κοινὸν
396 3624 467 3693 οἷον
482 3623 604 3715 μήποτ’
625 3621 755 3715 ῶφελον
772 3625 879 3712 λόγον.

200 3722 385 3813 Ἐτεοκλίης
402 3725 432 3792 δ’
452 3725 571 3817 ὑπῆρξ’
593 3724 650 3796 ἄπ’
672 3725 793 3818 ὀρθίου
813 3730 953 3807 σταθεὶς

203 3828 346 3918 πύργου,
365 3829 520 3908 κελεύσας
537 3844 614 3916 σῖγα
631 3833 767 3921 κηρῦξαι
784 3836 925 3921 στρατῶ.

168 3944 171 3953 ’
205 3926 293 4010 ἔλεξε
311 3926 358 3997 δ’·
375 3920 403 3996 ῶ
418 3935 477 4018 γῆς
491 3928 643 4015 Ἑλλάδος
662 3934 884 4025 στρατηλάται

204 4037 343 4100 Δαναῶν
355 4028 387 4122 ,τ’
406 4029 567 4120 άριστεῖς,
587 4034 684 4121 οἵπερ
702 4032 813 4123 ἤλθετ’
833 4034 970 4118 ἐνθάδε,

203 4132 341 4220 Κάδμου
358 4162 395 4205 τε
412 4135 506 4217 λαός,
524 4136 607 4225 μήτε
623 4140 841 4217 Πολυνείκους
854 4138 951 4228 χάριν
