2810 4704
296 241 358 305 156
688 254 928 309 ΕΥΡΙΠΙΔΟΥ

226 429 292 476 109³
381 406 440 488 σδς
456 419 553 487 παῖς,
573 406 732 497 ἐφέδρους
748 407 784 476 θ’
806 409 955 489 ἱππότας
971 411 1030 495 μέν
1049 411 1213 496 ἱππόταις

380 506 480 591 ἔταξ’,
499 506 641 589 ὁπλίτας
659 507 690 577 δ’
711 507 959 601 ἀσπιδηφόροις
977 511 1048 595 έπι,

379 607 426 689 ὡς
442 617 489 698 τῷ
507 618 659 680 νοσοῦντι
674 617 807 695 τειχέων
826 613 876 701 εἴη
895 611 993 702 δορὸς

377 815 556 883 λεύκασπιν
574 815 754 904 εἰσορῶμεν
768 813 917 905 Ἀργείων
936 816 1074 907 στρατὸν

378 914 566 1004 Τευμησσὸν
584 915 773 983 έκλιπόντα·
800 921 857 985 καὶ
872 920 1002 1009 τάφρου
1021 923 1125 1000 πέλας

377 1018 489 1107 δρόμῳ
509 1020 650 1106 ξυνῆψεν
668 1015 751 1086 ἀστυ
769 1020 938 1105 Καδμείας
953 1022 1088 1103 χθονός.

374 1116 480 1186 παιάν
499 1119 608 1186 δὲκαὶ
626 1120 804 1207 σάλπιγγες
823 1120 995 1191 ἐκελάδουν
1014 1120 1097 1207 όμσῦ
1223 1120 1228 1129 “
1267 1162 1271 1169 ·

376 1220 503 1289 ἐκεῖθεν
522 1221 556 1288 ’ἐκ
572 1246 609 1289 τε
625 1227 761 1304 τειχέων
777 1219 870 1309 ἡμῶν
887 1225 991 1313 πάρα.

373 1325 429 1388 καλ
446 1328 564 1410 πρῶτα
580 1324 639 1406 μὲν
657 1329 804 1410 προσῆγε
821 1332 984 1412 Νηίσταις
1001 1327 1123 1406 πύλαις

371 1423 469 1505 λόχον
486 1434 660 1489 πυκναῖσιν
679 1420 818 1491 ἀσπίσιν
835 1428 1024 1513 πεφρικότα

373 1523 391 1592 5
410 1530 468 1612 τῆς
485 1529 623 1609 κυναγοῦ
640 1530 900 1613 Παρθενοπαῖος
918 1527 1058 1614 ἔκγονος,

373 1623 505 1713 ἐπίσημ’
527 1624 607 1708 ἔχων
626 1625 746 1693 οἰκεῖον
764 1625 796 1693 ἕν
814 1634 905 1716 μέσῳ
925 1631 1032 1712 σάκει,

372 1727 541 1815 ἑκηβόλοις
558 1727 704 1808 τόξοισιν
718 1724 911 1819 Ἀταλάντην
928 1733 1056 1823 κάπρον

368 1833 577 1917 χειρουμένην
593 1827 754 1896 Αἰτωλόν.
792 1831 839 1911 εἷς
858 1833 894 1899 δὲ
911 1836 1090 1921 Προιτίδας

370 1932 479 2009 πύλας
497 1928 612 2018 ίχιόρει
629 1927 742 2018 σφάγι’
764 1931 844 2014 έχων
863 1932 914 2023 ἀφ’
935 1931 1058 2025 ἀρματι

371 2030 389 2100 5
407 2033 524 2117 μάντις
539 2028 755 2121 Ἀμφιάραος,
776 2030 814 2100 ού
834 2033 944 2122 σημεῖ’
965 2036 1045 2118 έχων

368 2130 544 2222 ὑβρισμέν’,
565 2131 649 2200 ἀλλὰ
667 2136 849 2222 σωφρόνως
867 2131 964 2221 ἄσημ’
984 2133 1082 2201 ὅπλα.

364 2233 492 2323 ’Πγύγια
510 2231 541 2301 δ’
562 2234 609 2314 εἷς
626 2232 805 2320 πυλώμαθ’
822 2232 1026 2317 Ἱππομέδων
1044 2232 1127 2313 ἀναξ

354 2333 493 2420 ἔστειχ’,
514 2336 595 2420 έχων
613 2350 747 2425 σημεῖον
766 2335 906 2423 ἐνμέσῳ
926 2336 1020 2404 σάκει

369 2452 513 2520 στικτοῖς
529 2440 703 2525 πανόπτην
721 2435 867 2525 ἀμμασιν
886 2438 1075 2528 δεδορκότα,

366 2541 485 2627 τὰμὲν
504 2540 563 2610 σὺν
581 2537 710 2629 ἀστρων
729 2539 936 2609 ἐπιτολαῖσιν
955 2537 1088 2625 όμματα

365 2647 544 2730 βλέποντα,
563 2639 606 2708 τά
625 2642 661 2706 δὲ
678 2642 865 2728 κρύπτοντα
884 2642 1045 2709 δυνόντων
1061 2644 1158 2725 μέτα,

367 2741 412 2823 ὡς
429 2739 565 2829 ὕστερον
582 2741 746 2818 θανόντος
764 2740 897 2828 εἰσορᾶν
915 2749 1034 2830 παρῆν.

361 2842 550 2927 Ὁμολωίσιν
569 2840 605 2906 δὲ
621 2840 715 2920 τάξιν
734 2837 799 2922 εἶχε
816 2839 903 2928 πρὸς
919 2842 1043 2917 πύλαις

366 2943 499 3026 Τυδεύς,
518 2945 648 3022 λέοντος
666 2942 760 3030 δέρος
778 2940 857 3023 ’έχων
876 2937 927 3007 ἐπ’
948 2938 1069 3009 ἀσπίδι

362 3051 459 3135 χαίτῃ
476 3046 654 3137 πεφρικός,
675 3045 767 3133 δεξιᾷ
785 3044 821 3111 δὲ
838 3043 1000 3128 λαμπάδα

366 3148 464 3217 Τιτὰν
481 3148 681 3238 Προμηθεὺς
699 3147 814 3238 ἔφερεν
832 3142 892 3228 ἀν’ς,
910 3146 1047 3234 πρήσων
1069 3146 1177 3215 πόλιν.

365 3249 383 3319 5
403 3249 461 3330 σὸς
479 3253 515 3317 δὲ
532 3257 730 3339 Κρηναίαισι
746 3252 944 3335 Πολυνείκης
960 3249 1082 3328 πύλαις

360 3350 452 3441 ἕδρην
469 3358 630 3439 προσῆγε·
648 3350 829 3428 Ποτνιάδες
848 3346 878 3416 δ’
900 3346 951 3416 ἐπ’
972 3347 1093 3417 ἀσπίδι

364 3452 511 3538 ἐπίσημα
528 3453 639 3517 πῶλοι
657 3449 820 3539 δρομάδες
838 3449 993 3535 ἐσκίρτων
1011 3450 1123 3535 φόβῳ,

363 3544 400 3621 εύ
418 3579 492 3632 πως
510 3553 702 3643 στρόφιγξιν
720 3551 856 3619 ένδοθεν
873 3550 1087 3632 κυκλούμεναι

361 3652 508 3741 πόρπαχ’
528 3652 584 3723 ἀπ’
606 3652 719 3735 αὐτόν,
739 3647 825 3720 ἀν’στε
841 3654 1024 3734 μαίνεσθαι
1041 3650 1157 3719 δοκεῖν.

362 3755 381 3826 5
401 3753 432 3823 δ’
454 3753 510 3823 οάκ
529 3756 667 3825 ἔλασσον
682 3752 789 3841 Ἄρεος
807 3751 854 3829 εἷς
870 3750 976 3838 μάχην
994 3760 1125 3842 φρονῶν

360 3857 537 3937 Καπανεὺς
552 3863 699 3944 προσῆγε
716 3853 812 3936 λόχον
830 3851 880 3921 ἐπ’
898 3850 1081 3939 Ἠλέκτραις
1097 3854 1234 3934 πύλαις·

362 3959 597 4050 σιδηρονώτοις
615 3954 646 4025 δ’
667 3954 810 4037 ἀσπίδος
827 3958 947 4037 τόποις
965 3955 1046 4043 ἀπῆν
1194 3976 1198 3985 ’
