2810 4704
665 393 902 451 ΕΥΡΙΠΙΔΟΥ

358 550 427 638 ἆγώ
444 557 480 618 τί
495 575 550 618 τοι
568 552 667 640 δρῶν,
686 562 772 618 ποῖα
791 547 822 617 δ’
844 547 881 617 ού
900 551 1000 638 λέγων
1018 549 1097 638 έπη,

357 654 404 732 εἷς
422 652 522 735 έχθος
538 643 645 740 ἦλθον
662 634 763 720 παιολ
779 642 886 720 τοῖσίν
904 653 1055 721 Οἰδίπου.

357 754 449 842 ἐγγὺς
468 755 504 821 δὲ
520 755 669 834 θάνατος
687 752 836 843 αὐτόχειρ
856 751 983 837 αὐτοῖς,
1002 759 1119 845 Κρέον·

355 858 476 925 πολλοὶ
494 857 529 922 δὲ
547 856 654 942 νεκροὶ
670 859 749 943 περὶ
766 869 891 944 νεκροῖς
908 857 1121 934 πεπτωκότες

353 942 480 1044 λίργεῖα
497 959 553 1023 καὶ
570 957 721 1041 Καδμεῖα
737 959 889 1041 μίξαντες
904 961 997 1044 βέλη,

253 1082 258 1087 ·
355 1057 493 1149 πικροὺς
510 1060 608 1145 γόους
627 1059 775 1126 διόοουοι
793 1064 920 1147 θηβαίηι
935 1064 1045 1140 χθονί.

356 1162 396 1229 σύ
415 1158 442 1227 τ’
464 1152 491 1227 ὦ
508 1162 648 1228 τάλαινα
667 1161 953 1248 ουγκατασκύπτει
970 1162 1083 1244 πόλις,

133 1302 138 1309 -
238 1288 249 1299 ·
309 1284 310 1287 ’
356 1265 386 1329 εἰ
402 1261 447 1349 μὴ
466 1263 597 1347 λόγοισι
613 1274 684 1339 τοῖς
703 1260 795 1346 ἒμοῖς
811 1288 864 1340 τις
881 1268 1044 1329 πείσεται.

354 1356 456 1430 ἐκεῖνό
473 1361 610 1450 μὲνγὰρ
629 1367 762 1449 πρῶτον
778 1354 830 1448 ἦν,
850 1369 916 1429 τῶν
936 1364 1075 1431 Οἰδίπου

353 1465 476 1552 μηδένα
493 1465 633 1549 πολίτην
649 1458 728 1549 μηδ’
749 1458 858 1528 ἄνακτ’
879 1461 963 1529 εἶναι
978 1467 1116 1546 χθονός,

354 1563 400 1644 ὥς
418 1566 642 1649 δαιμονῶντας
660 1559 925 1652 κάνατρέψοντας
942 1566 1052 1632 πόλιν.
1086 1574 1092 1582 ’

355 1666 429 1734 ἐπεὶ
448 1668 483 1732 δὲ
500 1677 651 1752 κρεῖσσον
667 1661 706 1731 τό
724 1665 822 1732 κακόν
841 1664 912 1733 ἐστι
929 1663 1095 1754 τάγαθοῦ,

353 1767 403 1855 μί’
424 1768 511 1835 ’ἐστιν
530 1763 611 1855 ἄλλη
628 1765 753 1854 μηχανὴ
772 1774 946 1857 σωτηρίας.

354 1868 421 1938 ἀλλ’
443 1866 481 1936 ού
499 1866 562 1958 γὰρ
581 1868 687 1935 εἰπεῖν
706 1865 772 1934 οότ>
793 1867 868 1952 ἐμοὶ
885 1866 957 1937 τόδ’
979 1868 1127 1960 ἀσφαλὲς

354 1972 472 2062 πικρόν
488 1996 525 2038 τε
542 1981 632 2036 τοῖσι
649 1968 707 2058 τὴν
724 1969 821 2056 τύχην
838 1978 1044 2059 κεκτημένοις

352 2074 452 2141 πόλει
469 2083 652 2161 παρασχεῖν
671 2072 845 2160 φάρμακον
864 2080 1037 2161 σωτηρίας.

353 2170 487 2257 ἄπειμι,
504 2169 652 2258 χαίρεθ’·
681 2172 729 2252 εἷς
745 2171 807 2261 γὰρ
827 2170 873 2243 ὢν
889 2178 1021 2242 πολλῶν
1037 2179 1121 2255 μέτα

351 2273 390 2344 τὸ
409 2277 540 2359 μέλλον,
561 2275 591 2342 εἰ
606 2262 682 2363 χρή,
701 2281 878 2359 πείσομαι·
904 2280 939 2340 τί
953 2271 1015 2360 γὰρ
1032 2271 1156 2353 πύθω,·

704 2401 857 2457 ΚΡΕΩΝ.

288 2532 291 2538 ,
353 2491 485 2574 ἐπίσχες
504 2486 618 2572 αὐτοῦ,
637 2493 776 2578 πρέσβυ.

655 2613 901 2670 ΤΕῙΡΕΣΙΑΣ.

796 2696 840 2786 μὴ
856 2696 1093 2781 ’πιλαμβύνου

701 2813 856 2869 ΚΡΕΩΝ.

350 2901 473 2974 μεῖνον,
493 2890 527 2954 τί
545 2884 693 2974 φεύγεις,

657 2996 902 3056 ΤΕΙΡΕΣΙΑΣ.

710 3085 731 3175 ἡ
749 3087 829 3173 τύχη
848 3080 888 3166 α’,
910 3079 977 3150 ἀλλ’
1000 3078 1058 3149 ούκ
1076 3079 1151 3170 ἐγώ.

638 3242 640 3247 ,
702 3180 885 3260 τουτου(
920 3250 927 3266 ,

352 3295 481 3386 φράσον
498 3300 653 3373 πολίταις
670 3297 726 3359 καὶ
743 3293 843 3356 πόλει
861 3295 1035 3378 σωτηρίαν.

656 3407 901 3462 ΤΕΙΡΕΣΙΔΣ.

351 3496 466 3581 βούλει
486 3492 525 3563 σὺ
544 3499 657 3579 μέντοι
674 3490 767 3576 κούχὶ
783 3494 941 3581 βουλήσει
957 3490 1051 3571 τύχα.

702 3611 854 3666 ΚΡΕΩΝ.

352 3704 409 3768 καί
426 3707 501 3781 πῶς
518 3702 677 3791 πατρῴαν
694 3713 791 3787 γαῖαν
810 3694 848 3762 ού
868 3700 978 3762 σῶσαι
995 3697 1086 3762 θέλω
1092 3725 1105 3779 ,·

658 3813 902 3871 ΤΕΙΡΕΣΙΑΣ.

351 3909 465 3985 θέλεις
482 3906 724 4005 δκοῦοαιδῆτα
741 3906 797 3970 καί
815 3901 964 3990 σπουδὴν
982 3901 1081 3985 δχειςς

703 4023 856 4079 ΚΡΕΩΝ.

353 4112 400 4191 εἷς
417 4109 479 4225 γδρ
497 4117 531 4179 τί
546 4110 580 4199 μ’
601 4109 681 4180 ἄλλο
701 4113 754 4179 δεῖ
768 4116 965 4200 προθυμίαν
983 4107 1082 4193 δχειυ,·
