2810 4704
518 391 751 448 ΦΟΙΝΙΣΣΑΙ

184 546 230 631 ὥς
247 544 327 616 πᾶσ’
347 544 455 636 άπήνη
475 547 563 626 πούς
579 572 616 615 τε
633 546 819 633 πρεσβύτου
839 550 933 638 φιλεῖ

181 648 292 741 χειρὸς
309 655 456 740 θυραίας
474 645 643 733 ἀναμένειν
660 655 882 737 κουφίσματα.

509 766 755 823 ΤΕΙΡΕΣΙΑΣ.

184 851 261 937 εἶεν,
280 855 464 944 πάρεσμεν·
491 860 583 937 τίμε
600 856 710 933 καλεῖς
729 854 873 942 σπουδῄ,
892 857 1014 942 Κρέονς

554 971 708 1026 ΚΡΕΩΝ.
1101 968 1105 973 ’

182 1054 278 1125 ούπω
297 1055 490 1145 λελῄσμεθ’·
519 1053 603 1125 ἀλλὰ
623 1058 776 1136 σύλλεξαι
794 1061 915 1136 σθένος

180 1163 238 1226 καὶ
254 1156 369 1243 πνεῦμ’
390 1155 568 1252 ἄθροισον,
589 1155 690 1235 αίπος
708 1155 852 1242 ἐκβαλὼν
870 1154 961 1225 όδού.

512 1275 755 1329 ΤΕῙΡΕΣΙΑΣ.

183 1361 279 1447 κόπῳ
298 1372 461 1445 παρεῖμαι
477 1366 554 1447 γοῦν
569 1356 783 1449 Ἐρεχθειδῶν
801 1356 871 1426 ύπο

184 1459 269 1551 δεῦρ’
290 1461 499 1545 ἐκκομισθεὶς
516 1467 574 1548 τῆς
590 1462 759 1549 πάροιθεν
776 1459 915 1548 ἡμέρας·

181 1560 276 1631 κάκεῖ
289 1561 351 1650 γάρ
369 1553 408 1650 ἦν
425 1589 476 1642 τις
493 1563 640 1647 πόλεμος
657 1560 841 1646 Εὐμόλπου
860 1562 971 1651 δορός,

181 1655 220 1732 οὗ
238 1666 441 1742 καλλινίκους
458 1665 668 1752 Κεκροπίδας
682 1660 776 1751 ’ἔθηκ’
796 1662 875 1748 ἐγώ·
993 1676 995 1679 ’

179 1769 237 1831 καὶ
253 1766 348 1832 τόνδε
365 1771 505 1853 χρυσοῦν
523 1770 697 1852 στέφανον,
719 1761 765 1844 οὶς
783 1761 875 1855 ὁρᾷς,
896 1763 972 1848 ἐχω,

181 1864 293 1951 λαβὼν
310 1863 464 1955 άπαρχάς
480 1869 650 1950 πολεμίων
668 1868 907 1953 σκυλευμάτων.

355 2034 358 2041 ,
556 1980 716 2060 Κεεοα,

183 2067 299 2138 οἰωνὸν
318 2069 441 2158 ἐθέμην
458 2073 626 2138 καλλίνικα
645 2069 689 2139 σὰ
707 2076 827 2160 στέφη·

181 2170 214 2239 ἐν
231 2172 292 2263 γὰρ
310 2173 452 2239 κλύδωνι
468 2170 606 2257 κείμεθ’,
627 2168 741 2263 ῶσπερ
761 2171 867 2241 οίσθα
885 2174 940 2256 σύ,

181 2271 279 2362 δορός
296 2276 482 2355 Δαναϊδῶν,
501 2277 558 2341 καὶ
575 2281 675 2360 μέγας
694 2276 816 2362 θήβαις
834 2272 932 2360 άγῶν.

180 2373 334 2460 βασιλεὺς
351 2376 410 2456 μὲν
430 2365 486 2439 οὗν
503 2381 620 2459 βέβηκε
637 2378 820 2459 κοσμηθεὶς
839 2371 956 2452 ὅπλοις

180 2471 243 2559 ἤδη
261 2471 347 2557 πρὸς
366 2470 463 2559 ἀλκὴν
477 2471 643 2560 Ἐτεοκλῆς
660 2474 844 2560 Μυκηνίδα·

183 2570 258 2657 ἐμοὶ
276 2571 307 2640 δ’
328 2570 498 2640 ἐπέσταλκ’
519 2572 677 2658 ἐκμαθεῖν
694 2581 795 2643 σέθεν
812 2576 920 2666 πάρα,

180 2678 216 2741 τί
233 2676 373 2765 δρῶντες
390 2672 430 2743 ύὶν
446 2676 593 2761 μάλιστα
611 2678 779 2763 σώσαιμεν
797 2679 906 2746 πόλιν.

505 2795 751 2851 ΤΕΙΡΕΣΙΑΣ.

175 2875 378 2960 Ἐτεοκλέους
394 2881 453 2964 μὲν
472 2877 572 2950 οὕνεκ’
593 2879 633 2949 άν
650 2883 772 2972 κλῄσας
790 2883 898 2967 στόμα

175 2981 342 3071 χρησμοὺς
361 2982 512 3066 ἐπέσχον,
533 2986 588 3051 σοὶ
606 2981 649 3066 δ’,
669 2983 745 3051 ἐπεὶ
759 2984 888 3071 χρῄζεις
905 2988 1042 3066 μαθεῖν,

178 3085 276 3162 λέξω·
303 3096 397 3150 νοσεῖ
411 3082 473 3168 γὰρ
491 3081 550 3170 η’δε
568 3091 610 3168 γῆ
625 3084 747 3163 πάλαι,
767 3087 884 3170 Κρέον,

179 3180 216 3261 ἐξ
233 3173 269 3248 οὗ
285 3178 448 3268 ’τεκνῶθη
467 3183 575 3260 Λάϊος
590 3187 650 3266 βία
667 3188 772 3262 θεῶν,

179 3282 280 3350 πόσιν
298 3279 325 3350 τ’
346 3281 449 3371 ἐφοσε
465 3284 565 3369 μητρὶ
581 3285 697 3368 μέλεον
716 3283 889 3352 Οἰδίπουν·

178 3385 219 3452 οἵ
232 3381 268 3452 θ’
290 3385 483 3470 αἱματωποὶ
501 3386 690 3476 δεργμάτων
709 3387 899 3476 διαφθοραὶ

178 3492 269 3555 θεῶν
288 3488 441 3577 σόφισμα
458 3483 644 3568 κάπίδειξις
658 3485 798 3555 Ἑλλάδι.

179 3587 201 3654 ἃ
220 3592 429 3678 συγκαλύψαι
446 3590 567 3669 παῖδες
586 3589 725 3657 Οἰδίπου
742 3589 849 3675 χρόνῳ

123 3778 127 3785 ,
175 3691 360 3781 χρῄζοντες,
381 3689 427 3771 ὥς
445 3692 484 3781 δὴ
503 3690 608 3772 θεοὺς
625 3689 945 3781 ὑπεκδραμούμενοι,

178 3789 323 3884 ἥμαρτον
342 3789 500 3879 άμαθῶς·
529 3793 605 3863 ούτε
622 3792 684 3885 γὰρ
702 3799 783 3885 γέρα
800 3796 905 3884 πατρὶ

180 3893 244 3961 οὔτ’
265 3896 378 3978 ’ἔξοδον
396 3896 542 3975 διδόντες
560 3894 663 3986 άνδρα
682 3900 823 3987 δυστυχῆ

180 3992 391 4087 ἐξηγρίωσαν·
420 3996 454 4065 ἐκ
472 3994 503 4064 δ’
525 3994 652 4066 ἐπνευά
673 3995 786 4078 αὐτοῖς
803 3997 887 4090 άρὰς

180 4096 288 4180 δεινὰς
304 4107 409 4171 νοσῶν
426 4126 462 4170 τε
479 4103 536 4169 καὶ
552 4099 639 4193 πρὸς
655 4098 885 4192 ἠτιμασμένος.

912 4208 973 4269 10*
