2810 4704
224 316 231 329 '
294 323 359 393 114
463 356 466 362 ·
687 308 945 395 εεεεπεεοε

294 500 341 548 καί
355 493 384 548 οἱ
397 489 447 546 δύο
461 490 576 564 ἀδελφοὶ
588 490 635 546 ὑπ’
646 490 780 561 ἀλλήλων,
798 499 845 547 καὶ
853 492 973 560 Ἰοκάστη
985 492 1001 561 ἡ
1013 496 1100 568 μήτηρ
1115 496 1209 551 αὐτῶν
1220 497 1322 567 ἑαυτήν
1390 510 1391 517 ’

295 577 401 633 ἀνεῖλεν
411 582 459 631 ίπὶ
466 584 525 634 τοῖς
534 583 625 642 παισί,
643 584 690 631 καί
699 579 728 631 οἱ
736 583 784 631 ἐπὶ
794 579 884 646 Οήβας
894 581 1108 650 στρατευόμενοι
1115 580 1233 655 Ἀργεῖοι
1241 581 1321 637 ἀπῶ-
1388 574 1391 579 ’

294 662 377 716 λοντο
383 704 391 727 ,
410 669 456 715 καί
465 660 570 733 ἄταφος
578 662 745 728 Πολυνείκης
754 664 911 734 πρόκειται,
930 669 975 716 καὶ
987 663 1120 722 Οἰδίπους
1128 671 1175 733 τῆς
1186 668 1321 737 πατρίδος

294 746 453 814 ἐκβάλλεται
465 752 511 800 καὶ
526 746 576 801 σύν
590 746 665 814 αύτῷ
679 745 695 814 ἡ
708 748 836 820 θυγάτηρ
844 747 993 820 Ἀντιγόνη.
1016 752 1074 801 ἐστι
1086 747 1117 801 δέ
1130 749 1162 804 τό
1173 749 1263 825 δρᾶμα
1272 759 1321 805 καὶ
1390 798 1391 805 ,

294 831 524 903 πολυπρόσωπον
537 838 584 884 καί
595 836 716 904 γνωμῶν
730 831 841 885 πολλῶν
854 853 957 901 μεστόν
970 854 1015 885 και
1029 832 1127 887 καλων.
1153 837 1181 904 [ο
1192 858 1274 908 χορος
1287 842 1319 890 ἐκ

296 921 452 969 Φοινισσῶν
470 917 632 989 παρθένων,
656 911 727 969 ὅθεν
744 922 790 968 καί
808 915 840 970 τὸ
858 915 949 990 δρᾶμα
968 917 1119 986 ἐπεκλήθη,
1146 924 1205 973 τῶν
1223 925 1253 973 ἐκ
1270 926 1320 987 τῆς

292 1000 488 1072 Παλαιτύρου.]

704 1084 730 1137 Α
746 1084 771 1138 Λ
788 1084 813 1138 Λ
830 1085 853 1137 Ω
870 1084 906 1138 Σ.

338 1166 411 1223 Ἐστι
419 1174 470 1239 μέν
479 1176 538 1226 ταῖς
548 1174 684 1236 σκηνικαῖς
694 1166 772 1240 ὄψεσι
786 1168 871 1223 καλὸν
883 1168 916 1223 τό
930 1167 1021 1241 δρᾶμα
1034 1172 1083 1199 ⁸⁰*
1097 1175 1158 1223 ἐπεὶ
1173 1178 1219 1225 καὶ
1229 1191 1319 1245 παρα-

292 1254 512 1326 πληρωματικόν.
531 1250 547 1320 ῆ
560 1276 590 1307 τε
604 1252 660 1306 ἀπό
674 1258 733 1306 τῶν
745 1259 856 1319 τειχέων
863 1251 1005 1327 Ἀντιγόνη
1018 1256 1166 1328 θεωροῦσα
1174 1262 1256 1330 μέρος
1266 1257 1318 1310 ούκ

291 1342 348 1391 ἔστι
361 1343 411 1390 τοῦ
427 1336 578 1408 δράματος,
596 1344 642 1389 καὶ
651 1334 832 1393 ὑπόσπονδος
841 1338 1006 1405 Πολυνείκης
1016 1338 1128 1396 οὐδενὸς
1138 1345 1218 1394 ἕνεκα
1228 1360 1318 1410 παρα-

289 1429 407 1495 γίνεται,
427 1417 444 1487 δ’
456 1442 487 1473 τε
501 1426 550 1474 ἐπὶ
563 1426 630 1475 πᾶσι
642 1419 700 1489 μετ’
712 1419 783 1488 ηἰδῆς
792 1419 939 1488 ἀδολέσχου
950 1422 1171 1495 φυγαδευόμενος
1182 1423 1318 1481 Οἰδίπους

291 1511 493 1579 προσέρριπται
502 1504 547 1559 διὰ
556 1509 641 1572 κενῆς.

699 1590 725 1643 Α
742 1592 767 1643 Δ
784 1593 809 1644 Δ
826 1591 848 1644 Ω
866 1592 901 1645 Σ.

342 1676 544 1749 Άρπασθείοης
554 1673 691 1749 Εύρῶπης
699 1673 757 1729 ύπδ
765 1675 829 1731 Διὸς
836 1683 987 1749 γενομένου
1001 1678 1104 1749 ταύρου
1115 1684 1161 1731 καί
1169 1699 1319 1746 μετακομι·
1390 1730 1391 1743 ,

291 1763 402 1827 σθείσης
419 1761 477 1815 ἀπὸ
493 1768 622 1826 Φοινίκης
640 1758 684 1812 διαὶ
697 1759 836 1827 θαλάττης
853 1762 891 1816 εἰς
902 1761 1012 1834 Κρήτην
1026 1759 1040 1816 ὁ
1058 1767 1110 1831 μέν
1130 1762 1219 1835 πατὴρ
1234 1761 1319 1829 αύτῆς

288 1845 410 1918 Ἀγήνωρ
420 1850 527 1916 έπεμψε
536 1844 587 1896 τόν
595 1844 659 1896 υἱὸν
667 1841 783 1910 Κάδμον
797 1849 844 1897 ἐπί
858 1846 967 1911 ζήτησιν
979 1849 1026 1910 τῆς
1039 1846 1120 1914 κόρης
1129 1846 1226 1909 εἰπεύν,
1245 1847 1318 1915 εἰμὴ

289 1931 392 1997 ταύτην
407 1927 496 2000 εύρῶν
514 1926 585 1992 ἄξοι,
604 1924 668 1995 μηδ’
685 1924 720 1980 ἀν
736 1926 823 1981 αὐτὸν
836 1927 1004 1983 ἐπανελθεῖν
1017 1928 1119 1982 οἴκαδε.
1154 1928 1268 1997 Κάδμος
1285 1930 1318 1983 δέ

290 2012 341 2085 ούκ
353 2017 422 2080 ἐχειν
436 2009 488 2066 δτι
501 2019 546 2067 καί
559 2011 667 2085 δράσειε
679 2011 768 2080 μόνην
782 2014 851 2084 έγνιο
864 2016 911 2077 τῆς
924 2009 1041 2083 ἀπορίας
1055 2010 1133 2064 λύσιν
1146 2021 1321 2086 καταφυγεῖν

289 2100 327 2154 εἰς
342 2096 466 2152 Ἀπόλλω
485 2095 538 2150 κάκ
555 2098 657 2151 τούτου
667 2101 771 2168 γνῶναι
789 2102 820 2148 τί
834 2093 877 2148 δεῖ
890 2101 989 2148 ποιεῖν.
1026 2093 1119 2148 ἐλθών
1134 2085 1184 2148 ούν
1199 2099 1236 2153 εἰς
1248 2097 1318 2150 Aeh-

290 2182 358 2254 φούς
375 2180 455 2255 ῆρετο
474 2186 577 2235 τοῦτον
596 2188 660 2255 περὶ
677 2186 724 2247 τῆς
742 2178 870 2249 ἀδελφῆς·
894 2186 939 2232 καὶ
958 2176 987 2235 δε
1001 2182 1054 2249 χρῆ
1068 2184 1122 2247 μέν
1139 2170 1221 2232 οὐδὲν
1238 2180 1316 2246 αύτῷ

290 2274 354 2339 περὶ
370 2272 417 2335 τῆς
430 2266 579 2340 Εύρεύπης,
597 2265 668 2338 λέγει
681 2264 712 2318 δέ
726 2264 763 2321 ῶς
776 2263 927 2326 ἐξελθόντα
942 2264 1064 2328 ἐκεῖθεν,
1083 2261 1317 2329 ἀκολουθήσαντα

287 2354 349 2421 βοΐ,
369 2353 400 2406 ol
414 2348 449 2405 ἀν
468 2348 536 2419 αύτη
552 2373 583 2425 γε
602 2357 686 2422 πέσῃ,
705 2349 784 2403 κάκεῖ
800 2354 901 2414 κτίζειν
919 2347 1010 2403 πόλιν.
1046 2344 1061 2400 ό
1080 2344 1111 2401 δέ
1130 2348 1256 2402 πεισθείς
1272 2350 1318 2414 τῶ

286 2441 398 2509 χρησμῷ
415 2437 467 2506 τήν
484 2442 536 2506 μέν
553 2436 623 2507 πρὸς
641 2435 691 2502 τῆν
711 2432 833 2504 πατρίδα
847 2431 989 2487 ἐπάνοδον
1002 2433 1088 2496 εἰάσε,
1106 2435 1178 2498 βοῦν
1196 2429 1226 2483 δέ
1244 2430 1317 2485 κατὰ

287 2526 371 2589 τύχην
388 2521 477 2593 εύρῶν
495 2520 616 2594 ἡγεμόνα
633 2525 680 2586 τῆς
699 2517 767 2572 ὁδοῦ
786 2519 943 2585 ἐποιήσατο.
980 2515 1113 2582 ἐλθούσης
1131 2513 1162 2567 δέ
1185 2514 1267 2581 αὐτῆς
1284 2520 1318 2569 ἐν

289 2597 381 2674 ᾧνύν
398 2607 526 2672 ἑστήκασι
542 2604 624 2672 τόπερ
643 2604 672 2656 αἱ
691 2607 779 2669 Θῆβαι
801 2600 879 2654 κάκεῖ
900 2605 1063 2674 παραχρῆμα
1086 2600 1221 2663 πεσούσης
1242 2603 1316 2672 ἔγνω

287 2711 318 2743 τε
332 2679 413 2746 οὗτος
430 2689 481 2743 τὸν
492 2687 616 2760 χρησμὸν
626 2686 807 2758 τελεσφόρον,
826 2690 873 2737 καὶ
887 2683 969 2738 πόλιν
982 2681 1147 2735 ἑπτάπυλον
1164 2688 1248 2746 κτίζει
1265 2682 1317 2738 τοὶς

290 2775 379 2843 Θήβας
394 2772 558 2843 ὁμωνύμους
572 2777 630 2826 τῶν
643 2768 877 2837 ἑκατονταπύλων
884 2770 1052 2841 Αἰγυπτίων
1062 2771 1169 2834 Οηβῶν,
1180 2764 1316 2835 χρησάμε·

288 2881 335 2916 νος
346 2860 508 2929 ἐπιστήμονι
516 2862 564 2925 τῆς
573 2854 719 2923 οἰκοδομῆς
734 2860 779 2908 καὶ
793 2854 892 2926 ἐργάτῃ
899 2852 1026 2924 Ἀμφίονι
1039 2854 1080 2918 τῷ
1094 2854 1229 2919 μουσικῷ·
1248 2852 1316 2902 τοῦ-

288 2965 339 2998 τσν
347 2945 400 3018 γάρ’
410 2964 493 3014 φασιν
502 2941 727 3014 ἀνακρουόμενον
739 2938 820 3008 μέλος
830 2937 940 3010 θέλγειν
953 2958 984 2989 τε
996 2940 1038 3005 τῷ
1051 2934 1125 3006 μέλει
1136 2933 1202 2989 τούς
1214 2921 1316 2990 λίθους

288 3036 334 3084 καὶ
353 3028 557 3098 ἀλλεπαλλήλως
574 3026 668 3081 αὐτῶν
684 3027 843 3093 τιθεμένων
861 3020 1005 3084 ἀποδεῖξαι
1022 3021 1057 3075 τά
1073 3026 1158 3087 τείχη·
1178 3017 1265 3074 πύλας
1283 3015 1316 3071 δὲ

288 3118 357 3181 ἔχειν
366 3114 417 3182 τῆν
427 3114 510 3169 πόλιν
518 3113 598 3177 ἑπτά,
614 3109 710 3178 ἐπειδὴ
719 3116 766 3164 καὶ
775 3110 804 3163 οἱ
811 3113 858 3175 τῆς
866 3106 947 3180 λύρας
956 3108 1036 3161 τόνοι
1048 3105 1120 3159 ἑπτά
1131 3106 1190 3158 εἰσι.
1226 3108 1271 3156 καὶ
1279 3099 1316 3155 τό

287 3204 339 3268 μέν
347 3197 478 3269 μυθῶδες
487 3202 629 3252 τοιοῦτον·
649 3195 804 3252 πέπλασται
814 3192 845 3251 δὲ
855 3192 941 3248 διὰτὸ
951 3190 1039 3265 ἄκρως
1047 3188 1189 3264 ῆρμύσθαι
1197 3186 1232 3240 τοὶ
1240 3191 1316 3252 τείχη

289 3282 469 3353 προσάλληλα.
505 3281 522 3349 ἡ
529 3282 582 3357 γάρ
591 3280 710 3352 άρμονία
718 3283 846 3347 μουσικῆς
856 3276 936 3330 ἴδιον.

338 3366 452 3436 Κάδμος
475 3357 526 3420 σύν
541 3367 627 3439 γήμας
645 3369 691 3430 τῆς
708 3361 869 3432 Ἀφροδίτης
886 3366 932 3413 καὶ
947 3356 1045 3431 Ἄρεως
1064 3356 1150 3412 παῖδα
1165 3353 1315 3423 Άρμονίαν

288 3458 414 3527 ἐγέννησε
427 3448 610 3520 Πολύδωρον,
628 3445 644 3501 ὁ
664 3446 694 3500 δέ
712 3443 881 3513 Λάβδακον,
901 3441 916 3496 δ
936 3440 966 3495 δέ
978 3442 1081 3494 Λάϊον.
1117 3428 1197 3492 οὗτος
1215 3435 1315 3506 ἀφικό-

288 3538 370 3607 μενός
384 3557 454 3591 ποτε
469 3525 589 3592 εἰςἯλιν
606 3539 652 3588 καὶ
669 3530 720 3585 τόν
733 3534 784 3585 τοῦ
794 3524 998 3584 Πέλοποςυὶὸν
1006 3523 1178 3595 Χρύσιππον
1191 3520 1268 3587 ἰδών,
1283 3519 1314 3578 ὃς

286 3614 321 3690 ῆν
335 3624 365 3686 ἐξ
377 3621 455 3690 ἀλλης
469 3620 544 3689 αύτῷ
557 3617 687 3694 γυναικὸς
701 3623 747 3670 καί
757 3614 808 3668 ούκ
823 3618 852 3666 ἐκ
861 3616 909 3677 τῆς
918 3608 1058 3682 θυγατρὸς
1070 3607 1208 3675 Οἰνομάου
1218 3603 1314 3659 Ἱππο-

288 3706 411 3775 δαμείας,
430 3713 476 3760 καὶ
494 3703 575 3761 ἁλούς
593 3704 695 3756 τούτου
713 3700 849 3771 κατάκρας
865 3699 907 3762 τῷ
921 3698 1016 3764 ἔρωτι,
1034 3689 1161 3766 ἁρπάσας
1174 3691 1212 3746 εἰς
1222 3690 1314 3757 Θήβας

208 3824 212 3830 -
287 3788 391 3864 ήνεγκε.
427 3797 476 3861 καί
488 3793 573 3856 συνῆν
587 3785 662 3852 αὐτῷ
676 3783 711 3837 τὰ
724 3782 849 3854 ἐρωτικά,
869 3783 979 3853 πρῶτος
991 3783 1022 3832 ἐν
1030 3772 1253 3849 ἀνθρῶποιςτῆν
1263 3770 1313 3841 ἀρ-

287 3876 479 3950 ρενοφθορίσν
492 3872 594 3946 εύριύν,
613 3866 710 3923 καθῶς
724 3865 757 3933 δῆ
771 3872 816 3919 καὶ
831 3863 846 3918 ό
859 3864 928 3921 Ζεύς
943 3869 972 3917 ἐν
985 3865 1065 3918 θεοῖς
1082 3859 1133 3914 τόν
1145 3853 1312 3924 Γανυμήδην

288 3961 420 4034 ἀρπάσας.
457 3957 472 4012 ὁ
491 3957 521 4012 δέ
538 3955 634 4028 Πέλοψ
651 3951 755 4025 μαθῶν
771 3955 856 4005 τοῦτο
879 3949 1051 4021 κατηράσατο
1068 3945 1153 4011 Λαΐῳ
1170 3939 1313 4010 μηδέποτε

286 4052 337 4115 μέν
355 4043 443 4101 παῖδα
458 4049 556 4110 τεκεῖν,
579 4043 604 4096 εἰ
612 4038 645 4095 ’δί
656 4036 710 4113 ἄρα
722 4043 769 4092 καί
783 4042 908 4110 συμβαίη,
926 4032 975 4089 ὑπ’
991 4031 1076 4088 αύτού
1090 4031 1194 4084 τοῦτον
1203 4024 1317 4096 ἀναιρε·

1383 2245 1391 2312 ἦ
