2810 4704
225 398 232 423 Ι
308 331 371 400 134
696 342 932 431 ΕΥΡΙΠΙΔΟΥ

347 500 405 590 τὴν
421 505 512 567 θεῶν
528 503 682 586 μεγίστην
701 494 778 567 ὥστ’
799 498 881 584 έχειν
897 503 1080 591 τυραννίδα.

347 599 433 672 τοῦτ’
454 592 563 669 οὖντὸ
580 602 734 690 χρηστόν,
752 609 866 691 μῆτερ,
887 601 959 687 οὐχὶ
974 605 1139 690 βούλομαι

348 703 436 793 ἀλλῳ
455 716 611 791 παρεῖναι
626 707 749 789 μᾶλλον
766 701 789 793 ἢ
806 707 922 788 σώζειν
940 705 1027 791 έμοί·

349 805 504 895 ἀνανδρία
520 807 596 897 γάρ,
615 805 653 875 τὸ
671 810 773 876 πλέον
790 803 882 889 ὅστις
900 805 1066 890 ἀπολέσας

346 907 527 977 τοόλασσον
546 908 650 994 ἔλαβε.
686 907 771 998 πρὸς
789 910 826 977 δέ
841 909 948 978 τοῖσδ’
969 911 1177 997 αἰσχύνομαι,

347 1012 488 1079 ἐλθόντα
506 1009 563 1079 σὺν
581 1007 698 1091 ὅπλοις
715 1011 810 1079 τόνδε
826 1015 882 1080 καὶ
899 1019 1093 1102 πορθοῦντα
1109 1020 1167 1103 γῆν

226 1118 230 1141 ’
298 1192 300 1199 y
345 1126 452 1197 τυχεῖν
470 1113 492 1180 ἀ
507 1114 631 1202 χρῄζει·
658 1126 732 1193 ταῖς
748 1114 810 1201 γὰρ
829 1111 868 1182 ἀν
887 1116 1009 1204 θήβαις
1024 1116 1103 1185 τόδε

344 1213 458 1304 γένοιτ’
479 1212 617 1298 όνειδος,
637 1216 667 1283 εἰ
683 1223 868 1304 Μυκηναίου
888 1215 985 1306 δορὸς

346 1319 442 1406 φόβῳ
460 1323 599 1411 παρείην
618 1324 768 1406 σκῆπτρα
785 1317 875 1403 τάμὰ
891 1317 972 1407 τῷδ’
993 1320 1085 1403 έχειν.

342 1425 421 1508 χρῆν
440 1416 470 1486 δ’
491 1415 590 1486 αὐτὸν
608 1415 666 1502 οὐχ
684 1415 820 1487 ὅπλοισι
837 1418 897 1499 τὰς
915 1422 1104 1509 διαλλαγάς,

343 1527 457 1611 μῆτερ,
476 1527 669 1589 ποιεῖσθαι·
695 1527 763 1589 πάν
780 1520 842 1612 γὰρ
860 1522 984 1611 ἐξαιρεῖ
999 1525 1095 1611 λόγος

345 1624 363 1692 ὃ
382 1626 437 1690 καὶ
455 1624 588 1712 σίδηρος
604 1626 773 1709 πολεμίων
791 1625 940 1714 δράσειεν
958 1622 1007 1695 ἀν.

345 1722 412 1794 ἀλλ’
432 1725 463 1794 εί
479 1726 537 1809 μέν
555 1723 661 1805 άλλως
677 1727 772 1816 τήνδε
789 1734 847 1816 γῆν
865 1729 964 1797 οἰκεῖν
981 1733 1089 1814 θέλει,

345 1825 460 1910 ἔξεστ’·
488 1827 588 1895 έκεῖνο
608 1824 639 1894 δ’
660 1826 717 1911 οὐχ
736 1828 816 1897 έκών
833 1834 1037 1919 μεθήσομαι,

345 1928 453 2021 άρχειν
470 1930 579 2018 παρόν
596 1955 668 2014 μοι,
688 1933 773 2019 τῷδε
792 1934 967 2000 δουλεῦσαί
983 1959 1075 2001 ποτε.

343 2032 428 2122 πρὸς
444 2029 533 2100 ταῦτ’
554 2033 614 2100 ’ίτω
632 2035 690 2119 μέν
708 2041 789 2123 πῦρ,
809 2035 869 2101 ἰ’τω
888 2036 924 2101 δέ
941 2037 1106 2122 φάσγανα,

345 2136 520 2223 ζεύγνυσθε
539 2133 569 2203 δ’
589 2136 729 2217 ἵππους,
749 2133 1036 2219 πεδία,πίμπλαθ’
1056 2133 1226 2224 άρμάτων,

344 2236 390 2319 ὥς
408 2236 445 2306 οὗ
463 2240 604 2328 παρήσω
621 2234 700 2325 τῷδ’
722 2235 799 2324 ἐμὴν
815 2237 999 2321 τυραννίδα.
1181 2250 1182 2253 ’

344 2342 436 2432 ε’ἀτερ
454 2339 515 2431 γάρ
534 2338 656 2409 ἀδικεῖν
671 2340 746 2430 χρή,
766 2340 953 2428 τυραννίδος
970 2344 1049 2428 πέρι

343 2445 513 2513 κάλλιστον
532 2442 668 2527 ἀδικεῖν,
687 2441 791 2512 τάλλα
810 2440 840 2509 δ’
861 2439 1004 2529 εὐσεβεῖν
1019 2441 1133 2532 χρεών.

729 2561 889 2616 ΧΟΡΟΣ.

343 2647 401 2717 οὐκ
418 2639 454 2715 εά
471 2651 573 2733 λέγειν
588 2644 648 2735 χρὴ
666 2644 711 2733 μὴ
726 2643 782 2712 ’πὶ
798 2659 869 2725 τοῖς
887 2647 994 2732 έργοις
1010 2650 1137 2727 καλοῖς,

344 2748 381 2819 οά
399 2748 460 2836 γάρ
478 2747 576 2816 καλὸν
592 2744 690 2828 τοῦτ’,
711 2744 793 2813 ἀλλά
811 2753 850 2836 τῇ
869 2748 941 2836 δίκῃ
959 2748 1085 2838 πικρόν.

706 2864 912 2920 ΙΟΚΑΣΤΗ.

343 2947 369 3021 ὦ
387 2958 508 3038 τέκνον,
529 2950 586 3038 οόχ
604 2947 735 3020 ἅπαντα
751 2956 798 3039 τῷ
816 2952 900 3040 γήρᾳ
916 2950 1013 3034 κακά,
1094 2968 1098 2993 ¹

338 3055 530 3140 Ἐτεόκλεες,
549 3058 743 3148 πρόσεστιν·
771 3051 839 3122 ἀλλ’
859 3051 1019 3145 ἡμπειρία

232 3187 282 3235 530
342 3161 409 3246 ἐ’χει
424 3188 458 3229 τι
475 3164 567 3242 λέξαι
583 3167 648 3230 τῶν
665 3165 745 3228 νέων
764 3159 964 3249 σοφώτερον.

341 3270 375 3331 τί
390 3270 448 3351 τῆς
464 3268 618 3350 κακίστης
628 3263 799 3354 ιδαιμόνων
818 3261 950 3349 ἐφίεσαι

342 3369 546 3454 φιλοτιμίας,
565 3375 646 3443 παῖ,·
671 3361 716 3447 μὴ
735 3361 775 3429 σά
794 3360 838 3448 γ’·
866 3359 978 3439 ἀδικος
994 3358 1014 3447 ἦ
1032 3360 1129 3436 θεός·

276 3488 283 3503 ·
341 3462 484 3543 πολλοὺς
502 3462 533 3530 δ’
554 3462 588 3544 ές
606 3464 714 3544 οἴκους
731 3467 786 3531 καὶ
803 3463 919 3542 πόλεις
937 3460 1130 3542 εὐδαίμονας

342 3569 478 3655 εἰσῆλθε
495 3563 631 3656 κάξῆλθ’
652 3564 702 3635 ἀπ’
724 3564 855 3656 ὀλέθρῳ
873 3570 939 3632 τῶν
954 3566 1142 3650 χρωμένων·

269 3695 279 3706 ·
343 3667 393 3760 ἐφ’
412 3661 433 3760 ᾗ
452 3668 492 3738 σὺ
510 3676 628 3757 μαίνει.
664 3682 750 3737 κεῖνο
767 3669 912 3747 κάλλιον,
931 3669 1052 3744 τέκνον,

343 3773 478 3861 ἰσότητα
494 3780 606 3859 τιμάν,
625 3772 646 3860 ἢ
665 3774 782 3860 φίλους
800 3765 853 3835 ἀεὶ
870 3770 982 3858 φίλοις

342 3875 458 3954 πόλεις
474 3902 510 3943 τε
528 3877 648 3944 πόλεσι
665 3871 854 3957 συμμάχους
870 3898 907 3940 τε
925 3871 1109 3958 συμμάχοις

343 3977 466 4050 συνδεῖ·
491 3976 530 4044 τό
548 3975 609 4067 γάρ
628 3976 700 4045 ἰ’σον
717 3976 855 4061 νόμιμον
874 3972 1069 4065 ἀνθρώποις
1087 3973 1164 4064 έφυ,

340 4089 388 4171 τῷ
406 4084 520 4151 πλέονι
538 4078 569 4148 δ’
590 4077 643 4150 ἀεὶ
659 4084 819 4166 πολέμιον
835 4086 1036 4158 καθίσταται
