2810 4704
366 326 429 391 178
755 341 990 400 ΕΥΡΙΠΙΔΟΥ

407 502 534 587 μέλεος,
555 495 604 583 δν,
624 500 658 569 εἰ
670 525 712 586 με
728 503 785 569 καί
801 507 930 585 θανεῖν,
949 502 1069 595 πάτερ,
1086 503 1203 595 χρεών,

408 603 523 672 σκότια
538 610 582 693 γᾷ
597 604 746 692 καλύψω.

762 723 984 781 ΟῙΔΙΠΟΥΣ.

406 806 493 900 πρὸς
509 804 622 898 ἥλικας
640 795 771 899 φάνηθι
782 800 858 892 σάς.

752 929 990 985 ΑΝΤΙΓΟΝΗ.

406 1009 479 1094 άλις
496 1010 687 1104 ὀδυρμάτων
706 1013 800 1101 ἐμῶν.

641 1128 646 1139 ’
760 1133 985 1190 ΟΙΔΙΠΟΥΣ.

295 1240 362 1289 1750
404 1217 443 1287 σὺ
463 1216 494 1286 δ’
515 1214 603 1308 ἀμφὶ
618 1225 765 1306 βωμίους
781 1222 885 1301 λιτάς.
915 1244 920 1253 “

752 1337 992 1394 ΑΝΤΙΓΟΝΗ.

761 1540 989 1597 ΟΙΔῙΠΟΥΣ.

402 1625 452 1695 ἰδ’
472 1625 555 1696 ἀλλὰ
571 1628 716 1718 Βρόμιος
732 1628 787 1696 ἵνα
803 1654 839 1696 τε
857 1653 915 1717 ση-

402 1730 458 1810 κὸς
476 1727 598 1816 άβατος
617 1727 709 1821 άρεσι
725 1731 904 1817 μαινάδων.

749 1849 988 1905 ΑΝΤΙΓΟΝΗ.

399 1926 611 2024 Καδμείανῷ
651 2002 654 2010 ,

399 2037 532 2123 νεβρίδα
550 2038 817 2122 στολιδωσαμένα
834 2033 907 2104 ποτ’
928 2034 1009 2124 δμῶ’

292 2157 357 2205 1755
400 2140 545 2219 Σεμέλας
563 2135 648 2226 ἱερὸν

399 2244 522 2306 θίασον
540 2232 648 2325 δρεσιν
666 2234 874 2326 ἀνεχόρευσα,
997 2244 1002 2255 ’

398 2342 493 2432 χάριν
511 2336 663 2429 ἀχάριτον
682 2340 729 2419 εἰς
745 2338 848 2419 θεοὺς
866 2339 1002 2406 διδοῦσα
1008 2366 1020 2420 ,·

758 2455 983 2514 ΟΙΔΙΠΟΥΣ.

401 2538 428 2613 ὦ
446 2546 575 2634 πάτρας
591 2548 715 2634 κλεινῆς
732 2547 882 2625 πολῖται,
902 2538 1056 2623 λεύσσετ’,
1078 2541 1234 2621 Οἰδίπους
1252 2540 1331 2631 ὅδε,

400 2649 438 2727 ὃς
454 2647 496 2715 τὰ
513 2645 606 2716 κλείν’
627 2643 785 2735 αἰνίγματ’
806 2647 885 2734 ἰγνω
903 2648 958 2712 καὶ
974 2650 1125 2732 μέγιστος
1142 2636 1180 2735 ἦν
1198 2642 1295 2736 ἀνήρ,

400 2749 437 2828 ὃς
454 2750 554 2833 μόνος
570 2748 715 2838 Σφιγγὸς
732 2755 886 2831 κατέσχον
903 2754 961 2836 τῆς
978 2748 1157 2837 μιαιφόνου
1175 2749 1295 2838 κράτη,

398 2858 452 2920 νῦν
471 2847 587 2935 άτιμος
605 2847 703 2930 αὐτὸς
722 2849 849 2940 οἰκτρὸς
866 2849 1078 2935 ἐξελαύνομαι
1093 2850 1226 2931 χθονός.

400 2950 483 3022 ἄλλα
499 2951 561 3044 γὰρ
579 2957 613 3021 τί
628 2959 731 3020 ταῦτα
748 2958 862 3042 θρηνῶ
878 2957 935 3020 καὶ
950 2953 1055 3040 μάτην
1073 2948 1251 3042 ὀδύρομαι,·
1365 2996 1366 3025 1

398 3055 458 3138 τὰς
474 3055 535 3148 γὰρ
554 3055 589 3125 ἐκ
604 3062 696 3126 θεῶν
713 3052 853 3143 άνάγκας
869 3054 992 3145 θνητὸν
1009 3052 1088 3125 ὄντα
1106 3056 1158 3124 δεῖ
1174 3060 1299 3146 φέρειν.
1365 3048 1366 3071 ’

786 3174 948 3230 ΧΟΡΟΣ.

400 3254 427 3330 ὦ
444 3267 528 3350 μίγα
546 3259 645 3350 σεμνὴ
662 3267 762 3342 Νίκα,
781 3260 838 3329 τὸν
855 3260 932 3346 ἐμὸν

209 3396 213 3402 ·
291 3387 356 3438 1765
398 3371 510 3451 βίοτον
527 3369 673 3446 κατέχοις

399 3464 513 3554 καὶμὴ
532 3465 642 3555 λήγοις
660 3473 876 3555 στεφανοῦσα.
