2810 4704
518 298 746 355 ΦΟΙΝΙΣΣΑΙ
1083 284 1145 348 117

113 459 161 524 ξεν
170 457 279 525 ἑαυτήν,
298 461 345 508 καί
358 451 395 512 ώς
401 457 503 527 Κρέων
509 450 652 526 άφάμενος
664 456 712 519 τῆς
725 449 806 526 ἀρχῆς
814 449 956 518 Ἐτεοκλῆν
968 454 1020 519 μίν
1028 449 1144 515 δάπτει,

113 539 338 609 Πολυνείκην-δι’
355 536 465 611 ἄταφον
487 538 575 601 εἴασε,
602 543 649 590 καί
669 534 806 590 Οἰδίπουν
827 541 875 606 τῆς
897 534 1005 592 πόλεως
1024 534 1144 603 ἐξήλασε,

115 630 211 685 πάντα
227 630 317 681 ταῦτα
334 620 486 697 Εὗριπίδης
503 619 586 675 ἔνδον
603 621 674 675 κατδι
690 620 796 675 λεπτόν
814 619 953 694 διηγεῖται.
987 624 1046 673 ἔστι
1063 618 1095 673 δὲ
1111 617 1146 673 τό

114 713 208 785 παρὸν
225 710 316 784 δρᾶμα
332 713 392 763 τῶν
409 705 480 780 άγαν
497 706 657 779 έξαιρέτων,
676 703 810 762 διανοίαις
827 711 874 759 καὶ
891 705 1012 778 γνώμαις
1031 703 1146 760 πολλαῖς
1214 698 1216 707 ’

113 805 163 853 καί
185 797 278 852 καλαῖς
300 800 347 848 καί
365 791 502 848 ποικίλαις
519 788 633 846 άνδοῦν
649 797 696 844 καί
712 796 893 861 μεταχειρίσει
910 788 1008 861 ἀρίστῃ
1034 795 1081 842 καί
1099 786 1146 841 διὰ

116 884 232 939 πάντων
248 879 381 950 άκμάζον,
401 878 426 943 εἰ
443 883 491 931 καί
507 875 656 941 άπίδανσν
673 880 725 943 εχει
740 875 798 943 τὴν.
806 878 845 931 εἰς
859 875 951 944 Θήβας
958 872 1145 928 Πολυνείκους

114 965 234 1022 εἴσοδον.
270 970 472 1039 ἐπιγέγραπται
485 959 516 1016 δδ
529 960 587 1016 άπὸ
595 965 647 1014 τοῦ
659 965 745 1032 χοροῦ
754 958 910 1034 Εὐριπίδου
923 964 1069 1014 Φοίνισσαι
1079 956 1144 1029 παρ’

113 1048 325 1117 όντιδιαστσλήν
340 1053 400 1103 ταῖν
417 1045 490 1101 ἑπτὰ
508 1050 557 1100 έπὶ
571 1047 663 1116 Θήβας
675 1045 825 1111 Αἰσχύλου.
858 1043 1012 1121 ταύτηγοὶρ
1026 1046 1060 1115 τῇ
1074 1039 1147 1094 ὑπο-

112 1138 194 1190 δέσει
210 1133 337 1190 κάκεῖνος
352 1137 450 1204 χρῆται
468 1136 499 1183 ίν
515 1135 557 1198 τῷ
571 1129 701 1202 δευτέρῳ.
736 1128 820 1185 αὐτὰς
834 1127 864 1182 δὲ
877 1128 926 1205 τὰς
940 1129 1103 1201 παρθένους
1116 1130 1146 1178 ἐκ

116 1227 246 1286 Φοινίκης
253 1214 427 1291 Ἀγηνορίδαι
435 1215 542 1267 θυσίαν
550 1212 750 1282 τῷᾍπόλλωνι
758 1217 895 1289 ἔπεμψαν,
910 1214 1011 1268 αἵτινες
1020 1217 1066 1264 καὶ
1076 1207 1147 1282 πρὸς

113 1303 239 1375 Δελφοὺς
257 1302 400 1375 ἐρχόμεναι
418 1297 576 1373 παρέβαλον
593 1304 653 1355 ταῖς
667 1299 769 1367 Θήβαις
786 1296 832 1351 διὰ
849 1297 882 1352 τό
897 1295 1009 1351 καὶτὸν
1021 1292 1146 1363 Κάδμον,

113 1385 152 1443 ώς
161 1391 272 1458 ἔφημεν,
291 1391 322 1439 έκ
333 1391 462 1451 Φοινίκης
471 1384 549 1437 εἶναι.
584 1389 631 1437 καί
644 1382 852 1453 καταλαβόντος
865 1387 916 1436 τοῦ
931 1381 1054 1450 πολέμου
1064 1377 1147 1451 ἠναγ-

113 1473 261 1539 κάσθησαν
272 1475 368 1541 μένειν
386 1467 502 1534 αὐτόθι,
520 1475 612 1542 μέχρις
629 1464 664 1522 ἃν
680 1466 697 1536 ἡ
714 1468 786 1538 μάχη
802 1468 923 1541 λωφήσῃ.

521 1687 659 1741 ΙΟΚΑΣ
665 1687 734 1741 ΤΗ.

194 1768 228 1842 ³9
244 1773 302 1861 τήν
320 1769 394 1840 έν”
372 1796 507 1859 αστροις
526 1771 664 1859 οὗρανου
649 1778 805 1857 τέμνων
823 1769 901 1840 ὁδὸν

200 1878 256 1941 καὶ
271 1876 580 1962 χρυσοκολλήτοισιν
597 1873 745 1960 ἐμβεβὼς
764 1877 897 1963 δίφροις

191 1972 297 2058 Ἥλιε,
316 1983 420 2056 θοαῖς
438 1977 594 2044 ἵπποισιν
612 1978 765 2044 εἱλίσσων
784 1977 907 2064 φλόγα,

200 2076 246 2158 ὥς
264 2081 404 2166 δυστυχῆ
425 2080 622 2167 θήβαισιτῇ
638 2075 718 2145 τόδ’
738 2075 844 2165 ἡμέρᾳ

200 2177 298 2247 ἀκτῖν’
320 2179 456 2268 έφήκας,
475 2181 612 2264 Κάδμος
627 2177 706 2267 ἡνίκ’
726 2171 811 2266 ἦλθε
829 2185 887 2266 γῆν

197 2278 288 2370 τήνδ’
310 2280 451 2349 ἐκλιπὼν
472 2288 649 2349 Φοίνισσαν
668 2280 797 2348 ἐναλίαν
812 2281 938 2362 χθόνα·

198 2382 236 2460 ὃς
253 2383 362 2449 παῖδα
379 2383 485 2466 γήμας
503 2380 673 2465 Κύπριδος
687 2377 856 2465 Ἁρμονίαν
873 2381 956 2444 ποτέ

198 2481 399 2566 Πολύδωρον
418 2478 569 2566 ἐξέφυσε,
588 2484 646 2544 τοῦ
667 2479 703 2544 δὲ
719 2479 896 2563 Λάβδακον

201 2586 304 2669 φῦναι
321 2582 483 2666 λέγουσιν,
504 2579 538 2646 ἐκ
557 2580 593 2646 δὲ
609 2580 706 2647 τοῦδε
722 2580 840 2647 Λάϊον.

199 2680 262 2769 ἐγὼ
282 2681 318 2748 δὲ
334 2693 417 2761 παῖς
433 2683 492 2766 μὲν
509 2682 668 2771 κλῄζομαι
685 2688 883 2763 Μενοικέως,

196 2789 309 2871 Κρέων
326 2781 353 2850 τ’
374 2780 520 2872 άδελφδς
536 2782 659 2871 μητρὸς
677 2783 711 2850 ἐκ
727 2791 808 2869 μιᾶς
826 2783 900 2873 ἔφυ.

196 2888 335 2953 καλοῦσι
353 2883 384 2952 δ’
401 2883 566 2973 Ἰοκάστην
581 2882 637 2970 με,
656 2892 754 2953 τοῦτο
771 2884 834 2973 γὰρ
852 2885 962 2974 πατὴρ

197 2987 312 3068 ἐ’θετο,
331 3000 432 3074 γαμεῖ
449 2989 485 3054 δέ
501 2988 609 3066 Λαιος
626 3008 676 3070 μ
704 2986 779 3053 ἐπεὶ
797 2985 872 3052 δ”
849 3013 954 3064 απαις

197 3079 235 3172 ἦν
251 3089 367 3172 χρόνια
384 3087 553 3170 λέκτρα’
518 3084 592 3169 τᾶμ’
614 3087 694 3166 ’έχων
713 3112 746 3152 εν
764 3087 927 3204 δώμασιν,

199 3185 341 3252 ἓλθὼν’
327 3192 433 3272 ερωτᾷ
453 3191 573 3268 Φοῖβον
592 3184 715 3264 ἐξαιτεῖ
730 3180 803 3250 θ’(
787 3181 857 3271 άμα

197 3284 363 3354 παίδων’
348 3311 381 3365 ες
400 3286 510 3365 σἰκους
529 3283 672 3373 άρσένων
689 3294 821 3355 κοινωνί
821 3313 870 3354 αν.

197 3385 216 3454 5
236 3385 268 3455 δ’
289 3379 442 3456 εἶπεν·
414 3415 441 3454 ω
461 3388 619 3476 θήβαισιν
637 3385 796 3469 εὐίπποις
814 3386 908 3472 άναξ,

196 3488 242 3576 μὴ
261 3502 377 3578 σπεῖρε
394 3495 512 3558 τέκνων
531 3487 634 3558 άλοκα
653 3492 818 3575 δαιμόνων
835 3498 904 3580 βίᾳ.

142 3590 146 3596 ’
198 3591 228 3657 εἰ
244 3589 307 3680 γὰρ
324 3593 497 3671 τεκνώσεις
513 3589 623 3674 παῖδ’,
644 3589 819 3660 άποκτενεῖ
836 3589 864 3658 σ’
885 3590 903 3658 5
922 3592 1001 3680 φάς,

196 3695 253 3758 καὶ
270 3697 339 3771 πᾶς
356 3692 416 3772 σὸς
434 3691 522 3773 οἶκος
538 3694 678 3782 βήσεται
696 3690 790 3761 δι’“
758 3693 909 3778 αι’ματος.

138 3799 149 3814 ’
197 3820 215 3860 o
203 3790 267 3861 ’δ
286 3790 386 3883 ἡδονῇ
405 3794 532 3873 &ow
499 3822 547 3875 εις
563 3823 599 3864 τε
615 3802 767 3924 βακχεῖον
784 3793 896 3873 πεσὼν

198 3887 348 3987 εσπὲιρεν
365 3893 443 3985 ἡμῖν
460 3899 581 3998 παῖδα,
600 3902 655 3966 καὶ
673 3905 813 3990 σπείρας
829 3905 967 4023 βρέφος,

197 3995 292 4084 γνοὺς
308 3995 534 4133 τάμπλάκημα
550 4007 609 4067 τοῦ
626 4007 710 4070 θεοῦ
727 4027 764 4069 τε
781 4002 838 4092 τήν
856 4003 970 4090 φάτιν,
