2810 4704
303 332 365 398 164
567 416 569 420 ¹
692 344 929 428 ΕΥΡΙΠΙΔΟΥ

706 519 915 575 ΑΓΓΕΛΟΣ.

365 600 465 672 οὐκέτ’
486 603 552 673 έίσί
569 610 628 693 σής
646 602 790 695 ἀδελφῆς
807 608 926 687 παῖδες
944 605 976 675 έν
995 608 1088 696 φάει,
1107 613 1222 698 Κρέον.

286 728 289 739 “
733 724 925 781 ΚΡΕΩΝ.’

364 793 452 861 αἰαῖ·

362 896 489 984 μεγάλα
504 920 564 981 μοι
579 901 696 984 θροεῖς
713 897 831 964 πάθεα
847 899 904 964 καί
920 898 1028 965 πόλει.

703 1014 912 1070 ΑΓΓΕΛΟΣ.

364 1084 531 1176 οἰδυίματ’
551 1089 752 1180 εἰσηκούσατ’
775 1093 913 1161 Οἰδίπου
931 1092 1025 1174 τάδε,

362 1196 492 1262 παίδων
510 1191 642 1280 ὁμοίαις
660 1209 848 1285 συμφοραῖς
866 1193 1036 1283 ὀλωλότων
1041 1226 1052 1279 ,·

728 1313 892 1369 ΧΟΡΟΣ.

362 1386 438 1457 ὥστ’
459 1388 653 1478 ἐκδακρῦσαί
667 1386 706 1475 γ’,
727 1391 757 1456 εἰ
774 1390 942 1478 φρονοῦντ’
963 1391 1143 1479 ἐτύγχανον.

731 1508 885 1563 ΚΡΕΩΝ.

362 1588 454 1671 οἰμοι
471 1589 642 1676 ξυμφορᾶς
658 1589 977 1676 βαρυποτμωτάτας,

362 1690 454 1775 οἰμοι
470 1695 575 1757 κακῶν
594 1691 765 1779 δύστηνος·
794 1682 820 1757 ὦ
839 1692 941 1772 τάλας
959 1690 1034 1780 ἐγώ.

701 1809 911 1865 ΑοοΕΛοΣ.
979 1786 981 1791 ’

361 1887 390 1955 εἰ
407 1891 462 1955 καί
479 1886 521 1954 τὰ
538 1885 625 1975 πρὸς
640 1888 791 1955 τούτοισί
807 1885 835 1974 γ’.
855 1889 974 1975 εἰδείης
991 1889 1084 1955 κακά.

679 1985 685 1989 ’
730 2005 884 2059 ΚΡΕοΝ.

359 2086 414 2149 καὶ
430 2090 504 2161 πῶς
520 2079 634 2168 γένοιτ’
655 2080 694 2149 άν
710 2084 813 2148 τῶνδε
832 2082 1108 2169 δοσποτμιύτερας

697 2193 906 2248 ΑΓΓΕΛΟΣ.

358 2270 485 2363 τέθνηκ’
506 2268 631 2360 άδελφὴ
651 2268 690 2360 σή
710 2272 800 2338 δυοῖν
818 2270 953 2337 παίδοιν
969 2275 1063 2355 μέτα.

722 2388 883 2444 ΧΟΡΟΣ.

358 2466 481 2558 ἀνάγετ’
503 2467 635 2556 ἀνάγετε
652 2469 808 2548 κωκυτόν,

358 2571 416 2640 ἰπὶ
431 2572 516 2662 κάρα
533 2597 569 2639 τε
586 2572 797 2659 λευκοπήχεις
814 2570 957 2652 κτύπους
972 2583 1090 2660 χεροῖν.

283 2670 284 2677 '
727 2689 882 2745 ΚΡΕοΝ.

358 2760 535 2858 υἰτλήμον,
556 2768 625 2838 οἷον
643 2767 780 2861 τέρμον’,
797 2767 956 2857 Ἰοκάστη,
975 2775 1050 2854 βίου

356 2872 469 2959 γάμων
485 2899 522 2940 τε
539 2880 604 2942 τῶν
623 2881 689 2942 σῶν
706 2871 852 2963 Σφιγγὸς
871 2871 1039 2960 αἰνιγμοὺς
1058 2870 1160 2959 ἐ’τλης.

356 2981 431 3056 πῶς
447 2978 504 3043 καὶ
520 2981 709 3065 πέπρακται
727 2977 892 3059 διπτύχων
910 2976 1041 3044 παίδων
1059 2977 1163 3066 (μόνος

358 3075 440 3168 άράς
456 3075 483 3145 τ’
504 3077 657 3168 ἀγώνισμ’
680 3080 832 3160 Οἰδίπους
853 3080 990 3169 σήμαινέ
1006 3105 1074 3164 μοι.

697 3199 910 3254 ΑΓΓΕΛΟΣ.

357 3265 398 3333 τὰ
415 3268 474 3352 μέν
490 3266 557 3356 πρὸ
575 3270 709 3358 πύργων
727 3267 931 3356 εὐτυχήματα
946 3267 1069 3350 χθονὸς
1113 3326 1116 3333 .

358 3364 465 3435 οἶσθ’·
492 3365 529 3434 ού
547 3368 673 3459 μακρὰν
690 3369 752 3457 γὰρ
770 3374 903 3452 τειχέων
919 3377 1134 3460 περιπτυχαί,

358 3465 433 3535 ὥστ’
454 3465 512 3551 οάχ
531 3464 662 3546 ἅπαντά
681 3468 709 3538 α’
730 3471 851 3539 εἰδέναι
868 3471 910 3539 τὰ
928 3474 1086 3561 δρώμενα.

357 3570 431 3638 ἐπεὶ
450 3573 486 3638 δὲ
500 3574 650 3655 χαλκέοις
668 3571 749 3660 σῶμ’
771 3570 988 3662 ἐκοσμήσανθ’
1010 3568 1128 3654 ὅπλοις

358 3674 391 3739 οί
406 3679 464 3741 τοῦ
481 3680 631 3764 γέροντος
650 3678 788 3745 Οἰδίπου
806 3681 941 3757 νεανίαι,

358 3774 495 3863 ἔστησαν
513 3775 639 3846 ἐλθόντ’
659 3779 707 3857 εἰς
722 3784 822 3863 μέσον
839 3784 1043 3863 μεταίχμιον,

359 3877 463 3946 δισσὼ
482 3878 649 3971 στρατηγὼ
667 3882 722 3945 καὶ
741 3881 849 3948 διπλῶ
867 3884 1085 3972 στρατηλάτα,

307 4010 312 4015 ·
357 3977 403 4061 αἰς
419 3981 467 4061 εἰς
484 3980 592 4069 άγιῦνα
608 3982 794 4069 μονομάχου
812 3981 838 4051 τ’
860 3983 956 4074 ἀλκήν
975 3986 1082 4075 δοράς.

356 4088 483 4174 βλέψας
501 4083 531 4153 δ’
544 4072 585 4166 ’ἒς
599 4083 708 4178 Ἄργος
724 4077 780 4177 ήκε
796 4091 991 4178 Πολυνείκης
1008 4085 1107 4180 άράς·
