2810 4704
440 210 449 226 Ι
505 253 737 310 ΦΟΙΝΙΣΣΑΙ

207 419 307 487 πόλιν
324 412 351 482 τ’
372 412 513 499 ἐμαυτοῦ
533 409 640 489 δειλὸς
659 408 705 487 ὣς
723 407 784 488 ἐξω
800 403 925 489 χθονὸς

209 515 339 604 ἄπειμ’·
368 515 453 584 ὅπου
474 511 505 582 δ’
526 510 565 580 άν
584 512 643 593 ζῶ,
663 506 761 587 κακὸς
779 508 979 597 φανήσομαι.

208 621 258 708 μὰ
273 619 329 689 τὸν
346 615 413 704 μετ’
435 614 565 701 άστρων
581 609 654 700 Ζῆν’
671 607 762 699 Ἄρην
778 634 814 675 τε
832 614 974 696 φοίνιον,

209 724 248 803 ὃς
263 721 340 801 τοὺς
357 718 613 809 ὑπερτείλαντας
631 714 665 781 ἐκ
682 719 779 799 γαίας
795 711 879 778 ποτὲ

211 822 380 915 σπαρτοὺς
398 817 539 916 άνακτας
556 818 655 906 τῆσδε
672 822 730 902 γῆς
749 814 915 902 ἱδρύσατο.

211 923 278 994 ἀλλ’
300 922 380 1009 εἶμι,
400 927 456 990 καὶ
474 920 554 1000 στάς
572 920 608 1001 ἐξ
625 919 792 997 ἐπάλξεων
811 911 917 1001 άκρων

210 1030 341 1118 σφάξας
359 1024 500 1112 ἐμαυτὸν
518 1021 616 1111 σηκὸν
635 1020 668 1100 ἐς
685 1021 887 1104 μελαμβαθῆ
946 1082 949 1086 .

173 1184 175 1189 ,
210 1132 400 1222 δράκοντος,
420 1123 488 1194 ἐνθ’
510 1123 527 1193 ὁ
545 1125 663 1209 μάντις
681 1122 874 1208 ἐξηγήσατο,
935 1115 937 1119 ’

212 1230 428 1318 ἐλευθερώσω
447 1239 553 1314 γαῖαν.
591 1225 718 1312 εἴρηται
734 1223 841 1309 λόγος.

214 1337 331 1415 στείχω
351 1332 387 1398 δὲ
403 1329 552 1397 θανάτου
572 1328 677 1415 δώρου
696 1323 753 1392 ούκ
772 1320 906 1410 αἰσχρὸν
924 1319 1023 1387 πόλει

214 1435 343 1515 δώσιυν,
362 1432 460 1500 νόσου
480 1431 516 1497 δὲ
532 1426 623 1516 τήνδ’
644 1425 826 1507 ἀπαλλάξω
842 1424 961 1507 χθόνα.

214 1537 244 1603 εἰ
261 1535 323 1622 γὰρ
341 1531 450 1618 λαβὼν
470 1532 606 1609 ἕκαστος
625 1525 644 1597 ό
661 1555 696 1595 τι
714 1527 846 1595 δύναιτό
864 1551 916 1603 τις

131 1666 133 1671 ’
206 1636 348 1726 χρηστόν
367 1636 499 1701 διέλθοι
515 1639 615 1698 τοῦτο
632 1629 700 1706 κείς
717 1625 825 1693 κοινὸν
844 1630 942 1712 φέροι

210 1738 363 1825 πατρίδι,
382 1739 490 1800 κακῶν
508 1729 547 1798 άν
567 1730 602 1796 αἱ
619 1730 736 1809 πόλεις
755 1726 939 1793 ἐλασσόνων

210 1839 417 1927 πειρώμεναι
432 1832 471 1901 τὸ
490 1829 609 1900 λοιπὸν
627 1828 789 1913 εύτυχοῖεν
808 1827 856 1895 άν.

148 2040 152 2047 .
547 1965 708 2021 xopox.

203 2039 303 2127 ’Ἑβας
321 2040 412 2124 ἐβας,

213 2136 239 2210 ώ
257 2148 461 2232 πτεροῦσσα,
481 2146 541 2226 γᾶς
559 2139 702 2220 λόχευμα

211 2251 361 2335 νερτέρου
379 2240 406 2309 τ’
423 2239 579 2324 Ἐχίδνας,

211 2347 386 2429 Καδμείων
405 2342 553 2433 ἁρπαγά,

213 2447 430 2523 πολύστονος,
449 2444 682 2531 πολύφθορος,

214 2546 472 2633 μιξοπάρθενος,

216 2648 309 2715 δάϊον
325 2652 436 2735 τέρας,

134 2833 137 2837 ,
214 2749 354 2838 φοιτάσι
370 2739 507 2835 πτεροῖς

209 2854 347 2936 χαλαῖσί
362 2846 390 2915 τ’
410 2846 602 2943 ώμοσίτοις·

210 2959 377 3043 Διρκαίων
396 2947 418 3017 ά
435 2948 509 3018 ποτ’
530 2950 565 3016 ἐκ

210 3056 325 3122 τόπων
342 3060 435 3131 νέους
452 3047 644 3137 πεδαίρουώ

213 3151 333 3239 άλυρον
352 3150 440 3239 άμφί
456 3157 583 3235 μοῦσαν

213 3252 371 3339 ὀλομέναν
388 3249 414 3318 τ’
432 3249 553 3341 Ἐρινὺν

212 3356 328 3446 ἐφερες
346 3353 461 3443 ἐφερες
480 3348 559 3435 άχεα
576 3352 715 3441 πατρίδι

211 3459 330 3547 φόνια·
357 3457 475 3545 φόνιος
493 3453 528 3520 ἐκ
544 3461 648 3534 θεῶν,

211 3558 249 3637 ὃς
265 3556 339 3626 τάδ’
358 3549 398 3647 ἦν
417 3554 435 3624 ὅ
453 3557 594 3646 πράξας.

212 3660 345 3745 ἰάλεμοι
362 3661 398 3725 δέ
414 3665 579 3748 ματέρων,

211 3763 344 3846 ἰάλεμοι
361 3761 398 3826 δὲ
414 3767 592 3849 παρθένων

211 3858 380 3943 ἐστέναζον
398 3861 516 3939 σ’ίκοις·

212 3964 297 4050 ἰήιον
314 3963 411 4057 βοάν,
430 3963 526 4052 βοάν,
