2810 4704
304 349 366 413 116
695 364 931 418 ΕΥΡΙΠΙΔΟΥ

301 513 421 588 ούραίαν
438 515 469 570 δέ
483 515 642 588 δράκοντος,
662 515 751 590 πτερὰ
764 517 794 570 δέ
808 515 934 591 ὄρνιθος,
953 515 987 569 δι’
1003 504 1044 570 ιδν
1061 518 1172 592 ἵπτατο.
1207 521 1283 585 ἔτυχε
1297 518 1327 572 δέ

302 605 389 653 τοῦτο
406 602 525 655 εἰποῦσα
537 602 650 657 τοιοῦτό
658 622 686 654 τι
694 606 886 672 τοίςθηβαίοις
903 602 967 657 τότε
980 605 1105 676 αἴνιγμα,
1123 599 1329 670 ιδςἍσκληπιά-

304 683 351 751 δης
359 683 523 760 ἀναγράφει·
1265 678 1268 683 .

316 768 319 779 '
406 774 465 824 έστι
474 769 577 825 δίπουν
586 775 634 825 ἐπὶ
642 775 689 843 γῆς
697 777 743 824 καί
751 772 905 844 τετράπον,
924 763 958 825 ού
965 780 1016 841 μία
1025 773 1117 844 φωνή,

407 861 453 909 καί
461 862 576 929 τρίπον·
595 854 720 909 ἀλλάσσει
728 854 759 908 δέ
768 858 840 927 φυὴν
848 858 946 924 μόνον,
955 854 1013 910 όσσ)
1023 863 1072 911 ἐπὶ
1078 863 1162 932 γαῖαν

364 973 366 977 .
406 940 632 1012 έρπετάγίνονται
640 937 693 992 ἀνά
702 937 726 991 τ’
737 940 840 1009 αἰθέρα
848 940 974 994 καὶκατὰ
984 941 1099 995 πόντον.

406 1021 487 1077 ἀλλ”
473 1024 582 1077 οπόταν
592 1022 1113 1098 πλεόνεσσινἐρειδόμενονποσίβαίνη,
1246 778 1387 1137 Ι

406 1109 480 1162 ἔνθα
487 1114 570 1176 μένος
577 1106 722 1182 γυίοισιν
705 1109 900 1181 αφαυρότερον
910 1108 1027 1163 πέλει’
995 1114 1095 1163 αυτοῦ

304 1181 391 1264 ουπερ
401 1190 589 1263 ἀγνοουμένου
600 1192 836 1266 &urquZequ'wv‘
822 1216 837 1248 ο
847 1192 974 1266 ἀδελφός’
972 1195 1140 1293 Ιριιάστης
1109 1215 1156 1262 της
1163 1194 1329 1264 βασιλίσσης,

303 1274 349 1340 ὦς,
360 1273 433 1332 ὅστις
442 1272 559 1348 εύροιτδ
568 1279 692 1350 αἴνιγμα,
710 1279 803 1346 τούτῳ
814 1280 949 1380 συνάφειν
962 1279 1014 1348 τὴν
1028 1277 1157 1351 ἀδελφήν.
1195 1278 1331 1335 Οἰδίπους

304 1357 383 1424 δέ,
361 1381 398 1416 ως
414 1364 528 1432 ἔφημεν,
548 1360 651 1432 διάγων
665 1365 723 1413 ἐκεῖ
738 1361 809 1426 τότε,
828 1360 947 1417 ἀκούσας
963 1363 998 1415 τοὶ
1012 1366 1170 1435 κηρύγματα
1182 1362 1239 1415 λύει
1251 1383 1282 1414 τε
1295 1362 1330 1415 τό

304 1446 417 1517 αἴνιγμα
431 1448 477 1511 τῆς
487 1443 609 1544 Σφιγγὸς
622 1450 669 1496 καί
681 1443 733 1511 τὴν
740 1451 843 1515 μητέρα
856 1444 906 1498 ούκ
915 1443 1032 1501 εἰδῶς’
1008 1467 1045 1500 εις
1057 1446 1174 1518 γυναῖκα
1187 1444 1330 1514 λαμβάνει.

303 1527 380 1581 ἐλυσε
389 1524 462 1581 δέ
428 1549 529 1594 ουτως,
546 1549 584 1584 ως
593 1547 670 1600 φασι

405 1612 490 1667 κλῦθι
498 1620 545 1667 καί
554 1612 605 1667 ούκ
615 1612 760 1679 ἐθέλουσα,
770 1616 926 1684 κακόπτερε
934 1619 1033 1670 Μοῦσα
1042 1615 1207 1680 θανόντων,

441 1703 534 1768 φωνῆς
542 1696 681 1767 ἡμετέρης,
701 1698 752 1753 σδν
760 1700 837 1755 τέλος
846 1698 1006 1767 ἀμπλακίης.

406 1779 565 1853 ἄνθρωπον
573 1782 723 1847 κατέλεξας,
744 1779 785 1848 ὅς,
803 1783 885 1851 ἡνίκα
893 1792 975 1858 γαῖαν
984 1789 1106 1857 ἐφέρπει,

442 1871 557 1937 πρῶτον
566 1869 616 1935 έφυ
627 1867 782 1934 τετράπους
790 1868 890 1934 νήπιος
900 1873 929 1920 ἐκ
937 1867 1075 1940 λαγόνων·

406 1950 536 2023 γηραλέος
545 1948 575 2002 δέ
585 1948 680 2017 πέλειν
688 1956 819 2022 τρίτατον
829 1947 906 2002 πόδα
913 1952 1038 2020 βάκτρον
1048 1950 1156 2020 ἐρείδει,

441 2032 542 2100 αὐχένα
550 2039 697 2106 φορτίζων,
706 2034 791 2107 γήραϊ
796 2031 997 2101 καμπτόμενος.

304 2118 445 2173 ἀκούσασα
462 2116 493 2170 δι’
510 2117 561 2184 τὴν
577 2116 655 2170 λύσιν
672 2115 688 2184 ἦ
706 2117 798 2189 Σφίγξ
813 2115 912 2182 ἑαυτήν
925 2114 1033 2187 ἀναιρεῖ
1045 2120 1206 2188 παραχρῆμα
1223 2119 1333 2191 ῥίψασα
1386 2156 1387 2161 ,

305 2208 355 2255 τοῦ
365 2200 452 2273 ἀέρος.
491 2198 624 2255 Οἰδίπους
638 2198 669 2252 δέ
684 2199 776 2253 συνών
788 2205 821 2271 τῇ
834 2206 917 2270 μητρὶ
934 2206 980 2251 καὶ
995 2198 1095 2255 παῖδας
1109 2200 1139 2260 ἐξ
1150 2200 1232 2266 αὐτῆς
1242 2201 1333 2269 φύσας
1373 2152 1387 2293 Ι

305 2291 449 2356 τέσσαρας,
468 2282 583 2357 ἄρρενας
600 2290 651 2353 μέν
663 2283 803 2338 Ἐτεοκλέα
821 2290 867 2336 καί
880 2284 1057 2350 Πολυνείκην,
1075 2283 1187 2350 θηλείας
1205 2282 1335 2337 δδἈντι-

305 2370 389 2442 γόνην
402 2374 448 2421 καί
456 2366 578 2437 Ἰσμήνην
582 2409 589 2434 ,
608 2366 645 2424 εἰς
654 2373 723 2443 έγνω
738 2369 771 2423 τὸ
784 2375 890 2438 μίασμα
903 2365 1032 2441 ὕστερον,
1052 2368 1209 2439 ἐτύφλωσεν
1220 2369 1333 2422 ἑαυτόν.

299 2451 441 2519 ,Ἐτεοκλῆς
451 2451 482 2505 δέ
490 2459 536 2505 καί
544 2454 718 2521 Πολυνείκης,
732 2453 864 2510 θέλοντές
875 2473 935 2509 πως
944 2452 1075 2524 ἀφανίσαι
1083 2452 1116 2506 τὸ
1126 2450 1237 2517 ὄνειδος,
1248 2473 1336 2506 κατα-

307 2536 486 2589 κλείουσιν’
453 2536 540 2590 αυτὸν
549 2541 579 2589 ἐν
589 2538 744 2604 οἰκίσκῳ,”
731 2536 763 2589 ιν’
779 2536 836 2590 ύπο
828 2535 966 2605 μηδενὸς
979 2538 1212 2607 θεωρούμενος
1187 2559 1225 2592 εις
1241 2537 1335 2636 λήθην

306 2616 413 2687 ήξοι
383 2641 416 2674 το
435 2641 487 2673 κατ
486 2618 620 2674 ’.ἐκείνου
647 2617 728 2673 καὶι
711 2641 741 2675 ος
749 2640 833 2672 τουτο
851 2617 1062 2692 υπεραλγησας
1047 2641 1146 2691 αραται
1162 2641 1272 2677 τούτοις
1281 2645 1336 2690 την
1372 2632 1384 2707 Ιί

307 2704 447 2773 βασιλείαν
462 2703 563 2776 σιδήρῳ
576 2710 692 2777 μερίσαι.
729 2723 755 2755 οι
750 2701 840 2755 δε
809 2724 857 2758 τας
865 2723 915 2756 του
928 2703 1032 2775 πατρὸς
1046 2701 1338 2773 ἀρὰςδεδιότεςμηχα
1371 2714 1377 2731 '

307 2809 413 2841 νωνται
428 2785 550 2842 τοιόνδε
573 2791 686 2855 ἐχεσθαι
702 2793 762 2854 τῆς
770 2786 850 2857 ἀρχῆς
867 2792 916 2840 ἕνα
925 2787 988 2859 παρ’
1005 2792 1054 2839 ένα
1071 2792 1117 2839 καί
1130 2788 1228 2853 ταύτης
1243 2806 1338 2857 παρα-

306 2878 406 2942 χωρεῖν
419 2873 533 2944 θατέρῳ
547 2874 679 2945 θάτερον,
716 2837 1001 2938 ότοίνυνἘτεοκλής,
1029 2866 1077 2924 ἅτε
1092 2875 1203 2940 πρῶτος
1220 2868 1261 2924 ὢν
1280 2878 1336 2925 τοῦ

309 2953 428 3027 ἀδελφοῦ
451 2963 497 3009 καὶ
516 2961 628 3029 πρῶτος
645 2961 692 3023 τῆς
709 2955 789 3030 ἀρχῆς
805 2952 910 3029 ήφατο,
933 2955 1099 3021 Πολυνείκης
1121 2955 1151 3008 δέ
1173 2954 1337 3025 ὑπεχώρησε

308 3047 356 3093 καὶ
368 3040 548 3097 τελεσθέντος
562 3046 688 3094 ἐνιαυτοῦ
702 3041 818 3113 ἀφίκετο
834 3039 903 3112 πρὸς
916 3040 967 3093 τὸν
976 3038 1110 3111 ἀδελφόν,
1129 3041 1216 3093 αἰτῶν
1229 3047 1276 3092 καὶ
1286 3040 1337 3093 αύ-

308 3124 357 3179 τδς
370 3122 461 3196 ἄρξειν
475 3127 612 3179 ἐνιαυτόν.
646 3125 783 3193 Ἐτεοκλῆς
797 3125 826 3179 δὲ
840 3124 903 3179 ούτε
917 3126 1009 3192 ἐξέστη
1023 3130 1069 3191 τῆς
1081 3122 1162 3197 ἀρχῆς
1176 3130 1222 3177 καὶ
1235 3122 1338 3193 ἄτιμον

310 3208 362 3261 τὸν
379 3206 500 3278 ἀδελφὸν
517 3207 693 3283 ἀπέπεμψεν.
720 3209 759 3266 ,δε
773 3218 819 3263 καὶ
834 3210 1010 3280 πλανεόμενος
1023 3199 1111 3276 ήλθεν
1124 3212 1161 3266 εἰς
1177 3208 1273 3284 Ἄργος
1290 3218 1339 3263 καὶ

310 3290 362 3358 τήν
379 3296 429 3344 τοῦ
452 3292 743 3363 βασιλέωςᾌδράστου
757 3293 860 3362 λαβὼν,
870 3296 1014 3367 θυγατέρα
1031 3295 1127 3346 πείθει
1140 3295 1190 3347 τὸν
1203 3286 1340 3362 κηδεστὴν

312 3376 488 3446 συνάρασθαι
504 3378 597 3445 τούτῳ
616 3377 686 3450 πρὸς
702 3377 754 3445 τὴν
766 3384 813 3445 τῆς
829 3378 967 3447 βασιλείας
979 3376 1127 3449 ἀνάληψιν,
1147 3385 1192 3431 καί
1207 3378 1341 3447 πλείστην

313 3456 380 3526 ὅσην
402 3460 572 3530 παραλαβών
594 3462 726 3534 στρατιὰν
743 3464 932 3536 ἐπιστρατεύει
954 3467 994 3529 τῷ
1013 3461 1133 3532 ἀδελφῷ.
1173 3458 1250 3519 ὅπως
1273 3463 1342 3531 δὲή

311 3546 399 3619 μήτηρ
421 3545 558 3600 ἐθέλουσα
575 3546 631 3620 πρὸ
650 3552 697 3615 τῆς
719 3548 876 3616 συμπλοκῆς
899 3545 1037 3607 διαλλάξαι
1053 3546 1118 3601 τούς
1136 3546 1237 3602 παῖδας
1255 3547 1342 3602 οὐδέν

313 3632 418 3696 ἰ’σχυσε,
437 3636 483 3683 καί
500 3628 538 3687 ὀδς
550 3636 643 3705 ἐχρησε
659 3640 806 3706 Τειρεσίας,
824 3634 848 3683 εἰ
864 3629 1029 3700 όΚρέοντος
1042 3630 1101 3687 υἱὸς
1113 3630 1264 3687 Μενοικεύς
1277 3632 1344 3687 ἀνέ-
1373 3668 1380 3681 .

313 3713 356 3766 λοι
369 3714 469 3768 ἑαυτὸν
483 3721 531 3770 ἐπὶ
544 3716 596 3771 τὸν
612 3721 662 3769 τοῦ
677 3715 828 3788 δράκοντος
846 3713 967 3785 φωλεόν,
986 3717 1130 3785 κρατήσειν
1138 3714 1269 3785 Ἀργείων
1288 3724 1344 3784 Θη-

313 3804 424 3866 βαίους,
442 3806 488 3876 καί
502 3799 539 3856 οἷς
552 3806 648 3872 γέγονε
661 3805 749 3853 ταῦτα
754 3841 761 3863 ,
780 3805 827 3851 καὶ
841 3799 870 3851 οἱ
877 3804 936 3853 τῶν
942 3798 1072 3874 Ἀργείων
1084 3798 1213 3870 ἡγεμόνες
1223 3804 1347 3854 πεπτώ-

315 3902 378 3934 κασι
396 3883 498 3939 πάντες
511 3883 583 3951 πλὴν
590 3882 749 3954 Ἀδράστου,
769 3890 814 3936 καί
828 3882 865 3942 οἷς
877 3886 1115 3954 μονομαχήσοντες
1125 3880 1195 3953 πρὸς
1208 3880 1346 3951 ἀλλήλους

314 3965 451 4032 Ἐτεοκλῆς
468 3974 515 4020 καί
524 3966 689 4034 Πολυνείκης
706 3966 754 4022 ὑπ’
765 3967 887 4038 ἀλλήλων
900 3971 1023 4040 ἑκάτεροι
1037 3966 1226 4039 ἀνῃρέθησαν,
1245 3975 1293 4021 καὶ
1303 3969 1345 4028 οἷς
1373 3960 1382 4047 Ι

316 4049 438 4105 ἐλθοῦσα
452 4051 523 4122 πρός
540 4051 640 4110 αύτούς
652 4053 772 4122 Ἰοκάστη
785 4063 831 4109 καὶ
845 4055 1016 4123 τεθνηκότας
1029 4051 1146 4125 εὑροῦσα
1161 4060 1345 4126 συναπέσφα-
1385 4027 1387 4149 Ι
