2810 4704
474 384 709 440 οοΙΝΙΣΣΑΙ
798 464 803 467 ⁷
1045 370 1109 437 115

78 543 227 610 θήσεσθαι.
263 539 308 594 διὰ
324 543 413 593 ταῦτα
431 537 521 592 πολύν
538 536 588 605 ἤδη
606 537 711 609 χρόνον
727 535 847 594 ὁΛάῖος
862 535 945 594 ἅπαις
959 534 1001 592 ὢν
1019 557 1108 613 παρα-

78 634 182 702 γίνεται
203 626 241 681 εἰς
257 627 373 679 Πυθίυιν
394 630 440 678 καὶ
463 621 575 677 παίδων
592 624 665 675 αἰτεῖ
684 623 778 695 γονήν.
818 629 865 676 καί
884 623 980 679 ἀκούει
996 623 1107 679 τοιόνδε

78 710 210 783 χρησμόν·
814 744 818 753 ¹

180 791 438 864 ΛάϊοΛαβδακίδη,
457 791 568 848 παίδων
575 798 655 866 γένος
665 790 760 861 ὄλβιον
768 794 866 858 acute,-

180 880 263 942 τέξεις
270 884 323 949 μέν
332 879 415 950 φίλον
424 878 502 943 υἱόν,
520 877 590 951 ἀτὰρ
599 875 665 931 τόδε
676 898 719 932 σοι
727 879 814 951 μόρος
823 883 911 944 ἔσται,

181 962 279 1021 παιδὸς
288 966 335 1017 ἑοῦ
343 970 461 1037 χείρεσσι
469 963 560 1018 λιπεῖν
568 971 646 1033 βίον·
666 960 703 1019 εἰς
711 963 763 1035 γάρ
773 966 866 1016 ἔνευσε

179 1049 247 1105 Ζεύς
256 1047 393 1123 Κρονίδης
406 1049 535 1105 Πέλοπος
545 1055 687 1122 στυγεροῖο
696 1046 790 1119 ἀραῖσι
798 1048 933 1114 πιθήσας,

178 1123 213 1186 οὗ
222 1133 305 1204 φίλον
313 1129 440 1205 ἥρπασας
448 1134 523 1187 υἱόν·
543 1131 592 1186 ὁδ
603 1130 704 1197 ηὔξατό
716 1151 759 1184 σοι
767 1129 834 1184 τάδε
845 1132 945 1185 πάντα.

76 1206 203 1275 σλντινων
212 1219 417 1287 θεσπισμάτων
426 1221 459 1289 τῇ
474 1221 521 1282 τῆς
528 1215 657 1289 γυναικός
666 1215 799 1283 Ἰοκάστης
813 1217 952 1283 ἐπιθυμίᾳ
965 1223 1011 1270 καὶ
1019 1213 1103 1289 ἡδονῇ

76 1300 170 1376 άσπερ
186 1302 375 1369 ἐκλαθόμενος
383 1302 485 1366 Λάϊος,
503 1298 520 1366 ἢ
534 1297 652 1356 ιύςτινές
666 1321 732 1371 φασι
745 1307 795 1370 μιᾷ
807 1306 866 1354 τῶν
879 1297 989 1374 ἡμερῶν
1000 1308 1105 1374 βαρυν-

75 1388 137 1442 θεὶς
146 1390 187 1454 τῷ
197 1388 267 1452 οἴνῳ
276 1392 323 1438 καὶ
333 1384 477 1438 συνελθώυ
490 1390 523 1458 τῇ
538 1384 623 1438 αύτού
636 1392 745 1459 γυναικὶ
758 1382 1034 1457 Οἰδίποδαοπείρει,
1057 1391 1104 1438 καί

5 1520 6 1523 ,
74 1471 144 1540 μετὰ
156 1469 189 1524 τό
203 1471 337 1536 τεχθῆναι
352 1468 437 1524 αἰτόν
451 1468 652 1539 ἀναπεμπάσας
665 1470 730 1526 τοὺς
741 1470 876 1540 χρησμούς
890 1476 936 1523 καὶ
950 1471 1044 1539 φόβον
1057 1469 1103 1523 λα·

74 1556 143 1625 βάν,
154 1554 315 1627 διαπορήσας
323 1555 388 1610 τούς
398 1552 486 1610 πόδας
495 1554 580 1608 αὐτοῦ
591 1561 637 1607 καὶ
644 1561 775 1627 χρυσέους
784 1560 895 1626 κρίκους
904 1552 1103 1624 διαπερονησά-

73 1661 156 1710 μενος
165 1642 258 1713 ῥίπτει
267 1635 312 1691 διὰ
321 1644 379 1693 τῶν
389 1641 500 1691 οἰκείων
508 1639 655 1705 βουκόλων
664 1640 702 1692 εἰς
710 1639 743 1690 τό
754 1636 817 1707 ὅρος
825 1638 1055 1709 τόνΚιθαιρῶυα,
1065 1636 1103 1694 αἱς

73 1723 131 1779 ύπο
122 1725 253 1823 θηρίων
263 1725 389 1775 ἐνταῦθα
398 1721 661 1791 ἀναιρεθησόμενον.
696 1725 773 1788 ἔτυχε
782 1719 813 1773 δὲ
826 1720 885 1774 κατ’
901 1726 990 1774 έκεῖνο
1004 1727 1101 1796 καιροῦ

74 1815 122 1861 καί
134 1828 200 1862 τους
209 1807 339 1906 Πολύβου
350 1812 450 1895 νομέας
457 1805 590 1874 βασιλέως
598 1808 744 1876 Κορίνθου
753 1807 867 1875 βόσκειν
884 1811 952 1859 ἐκεῖ·
977 1807 1006 1858 οἳ
1014 1814 1059 1860 καὶ
1068 1807 1101 1861 τὸ

73 1898 178 1963 βρέφος
191 1889 318 1991 εὑρόντες
331 1911 376 1942 και
370 1874 550 1959 ἀνελόμενοι
564 1897 678 1964 φέρουσι
696 1911 766 1964 προς
779 1891 830 1958 τὴν
839 1891 969 1959 Πολύβου
983 1899 1102 1965 γυναῖκα

72 1976 216 2048 Μερόπην
252 1964 286 2040 ἦν
301 1974 353 2047 γὰρ
367 1973 484 2042 ἀπαιδίᾳ
498 1973 669 2042 δυστυχούσα
686 1983 735 2030 καί
750 1995 810 2032 πως
830 1978 926 2029 πείθει
943 1975 995 2030 τὸν
1013 1975 1101 2048 ἀνδρα

72 2057 255 2128 Πόλυβον
222 2059 291 2127 αυτὴ
308 2064 392 2113 τοῦτο
410 2068 509 2113 τεκεῖν.
545 2059 702 2132 ἀνδρωθεὶς
724 2060 792 2114 δέ
776 2084 791 2114 ο
812 2068 877 2116 παῖς
898 2068 947 2114 καί
966 2083 1021 2115 τινι
1042 2066 1102 2114 τῶν

6 2186 7 2215 ,
74 2149 132 2197 ἐκεῖ
140 2143 285 2205 συνελθὼν
301 2146 339 2200 εἰς
355 2148 425 2217 ἔριν,
448 2144 495 2199 οἶα
513 2143 546 2212 δὴ
563 2152 681 2218 γίνεται,
704 2143 742 2202 οἷς
760 2145 810 2199 ούκ
828 2149 869 2211 εἴη
886 2145 1016 2214 Πολύβου
1036 2151 1101 2201 παῖς

5 2276 6 2279 ,
72 2225 179 2283 ὄνειδος
187 2232 245 2294 ἔσχε
256 2228 319 2302 παρ)
331 2229 425 2282 αὐτοῦ.
461 2226 534 2284 ὅθεν
544 2228 662 2286 ἀναστάς
671 2228 828 2302 ἀφικνεῖται
841 2229 911 2303 πρὸς
920 2229 1100 2285 τὸνΆπόλίω

72 2313 244 2381 πευσόμενος
254 2320 318 2386 περὶ
326 2316 437 2367 τούτου,
474 2321 519 2367 καὶ
533 2314 569 2370 ιός
582 2321 659 2368 ἔσται
668 2317 768 2383 φονεύς
780 2320 831 2369 τού
843 2315 949 2386 πατρὸς
961 2315 1101 2382 μανθάνει

71 2403 119 2450 καὶ
136 2395 174 2453 σός
190 2403 223 2470 τῇ
242 2399 359 2468 τεκούσῃ
377 2403 532 2459 ουνέσσιτο,
555 2402 636 2449 ταυτὶ
657 2397 742 2462 μόνα·
765 2403 838 2450 τίνες
857 2396 887 2447 δὲ
904 2399 960 2448 είευ
978 2395 1054 2464 αὐτῷ
1073 2396 1102 2449 οἱ

70 2488 174 2553 γονεῖς,
194 2486 288 2549 σαφῶς
306 2478 339 2530 ού
357 2479 505 2544 μανθάνει.
541 2477 666 2532 ἐπανιών
683 2477 713 2531 δέ
732 2481 843 2532 ἐκεῖθεν
855 2477 995 2547 ύπήντησε
1007 2481 1100 2548 Λαΐῳ,

72 2563 269 2633 ἀφικνουμένη
288 2567 333 2613 καὶ
351 2560 427 2628 αύτῷ
446 2561 516 2636 πρὸς
532 2561 657 2639 Ἀπόλλω
662 2605 670 2629 ,
690 2563 732 2635 ἐφ’
747 2554 771 2632 ὦ
789 2570 917 2639 περὶτοῦ
937 2565 1101 2621 ἐκτεθέντος

72 2644 174 2702 παιδὸς
183 2651 299 2718 γνῶναι,
309 2648 334 2699 εἰ
342 2647 471 2714 τέθνηκε.
508 2654 554 2701 καὶ
564 2646 580 2702 ό
593 2653 644 2702 τοῦ
654 2652 747 2702 Λαΐου
757 2651 897 2720 θεράπων
909 2649 985 2718 αύτῷ
999 2650 1101 2704 κελεύει

69 2731 173 2802 μικρὸν
189 2729 366 2803 ἀποχωρῆσαι
383 2736 424 2800 τῷ
441 2732 555 2801 βασιλεῖ.
593 2732 727 2790 Οἰδίπους
745 2733 776 2788 δέ
789 2733 932 2808 ύπεροφία
949 2737 1101 2808 κρατούμε-

5 2824 7 2839 ²
69 2836 120 2872 νος
142 2821 189 2868 καί
209 2821 295 2869 τούτο
313 2816 400 2885 μηδὲν
423 2817 543 2890 ίνεγκαίν
564 2825 665 2872 κτείνει
681 2839 713 2872 τε
730 2819 782 2873 τὸν
799 2820 968 2891 θεράποντα
985 2826 1032 2873 καὶ
1050 2821 1101 2873 σύν

70 2899 149 2968 αύτῷ
157 2899 209 2953 τὸν
218 2899 369 2968 δεσπότην,
389 2901 439 2956 οάκ
453 2900 533 2959 εἰδιὰς
547 2902 585 2959 οἷς
595 2904 787 2975 πατροκτόνος
799 2910 921 2976 γέγονεν,
935 2903 997 2959 ἑνὸς
1010 2906 1100 2974 μόνον

5 2998 7 3005 “
70 2988 131 3038 τῶν
149 2990 347 3055 συνεπομένων
363 2988 447 3054 Λαΐῳ
466 2985 663 3061 διαφυγόντος,
682 2986 711 3043 ἀς
729 2987 763 3054 δὴ
780 2994 827 3040 καὶ
844 2988 895 3042 τὸν
914 2989 1005 3057 φόνον
1021 2982 1101 3039 ύοτε-

69 3089 124 3138 ρον
137 3067 307 3138 διεσάφησεν,
322 3065 360 3125 ιύς
374 3092 439 3140 φησι
448 3072 594 3141 Σοφοκλῆς
608 3077 638 3123 έν
654 3069 784 3125 Οἰδίποδι
797 3072 935 3140 τυράννῳ.
970 3069 1035 3122 τότε
1050 3061 1101 3124 σύν

71 3151 210 3208 Θιδίπους
218 3174 283 3208 τους
295 3173 345 3204 του
333 3155 477 3204 Λαισυ
464 3172 569 3207 ιππσυς
582 3152 677 3220 λαβὼν
690 3160 736 3204 καὶ
755 3154 848 3213 πάντα
860 3150 896 3205 τὰ
914 3150 1000 3206 αύτσύ
1019 3176 1102 3207 κατα-

69 3236 206 3303 λαμβάνει
224 3233 275 3301 τὴν
287 3234 446 3305 Κόρινθον,
469 3242 515 3288 καὶ
533 3233 625 3291 διδους
642 3241 730 3289 ταῦτα
749 3238 841 3290 πάντα
859 3237 979 3306 Πολύβῳ
998 3237 1101 3310 τροφὰς

71 3318 214 3372 ίκεῖθεν’
198 3325 341 3417 αναχωρεῖ,
356 3317 407 3372 τὸν
421 3325 525 3392 περὶ
494 3341 540 3388 της
548 3329 754 3422 πατροκτονίας
766 3329 813 3375 και
826 3344 872 3389 της
885 3328 918 3395 τῇ
931 3330 1014 3395 μητρὶ
1024 3344 1101 3376 συνε-

69 3403 189 3460 λεύσεως
199 3424 321 3477 χρησμον
334 3402 484 3460 δεδιούε·
461 3426 531 3473 ιρετο
548 3405 600 3480 γὰρ
615 3412 735 3480 πατέρας
748 3406 833 3460 αὐτοῦ
843 3413 884 3476 τῷ
898 3406 958 3461 ὄντι
970 3408 1102 3477 Πόλυβον

69 3487 188 3556 κοίτην
206 3495 311 3542 ἐκείνου
328 3495 447 3562 γυναῖκα
465 3491 543 3544 εἶναι.
579 3498 625 3544 καὶ
643 3490 798 3562 ἀφικνεῖται
816 3492 886 3564 πρὸς
904 3495 1002 3560 Θήβας,
1022 3493 1051 3545 αἳ
1068 3491 1102 3559 δὴ

70 3580 120 3628 καὶ
129 3571 186 3626 ἀπὸ
201 3577 247 3639 τῆς
257 3574 379 3646 Σφιγγὸς
392 3576 567 3645 ἐχειμάζοντο
583 3576 655 3639 τότε,
672 3577 808 3647 χρησμούς
821 3595 851 3628 τε
865 3574 1047 3647 ῥαψῳδούσης
1056 3582 1102 3628 καὶ

5 3708 8 3723 ,
71 3654 171 3712 ὅντινα
183 3656 314 3726 βούλοιτο
328 3663 387 3711 τῶν
400 3659 524 3714 πολιτῶν
533 3658 708 3733 ἁρπαζούσης
717 3666 763 3712 καὶ
772 3657 995 3731 διαφθειρούσης,
1006 3657 1101 3713 ’διὰτὸ

71 3741 110 3809 μὴ
129 3749 251 3796 συνιέναι
268 3746 337 3812 σφᾶς
355 3746 413 3796 τῶν
429 3741 476 3796 ὑπ’
497 3743 579 3811 αὐτῆς
596 3744 752 3847 λεγομένων
763 3749 900 3814 χρησμῶν.
937 3744 1056 3817 ἐπήγαγε
1071 3741 1102 3796 δὲ

73 3826 178 3891 ταύτην
188 3825 279 3901 ὁΑρης
289 3826 464 3930 Θηβαίοις,’
449 3831 620 3897 αμυνόμενος
629 3829 730 3885 αύτούς
743 3827 831 3882 διὰ
801 3850 853 3883 τον
862 3849 912 3881 του
899 3828 1027 3884 παιδὸς
1036 3827 1101 3898 δρά-

73 3927 175 3965 κοντος
185 3913 287 3982 φόνον,
306 3909 363 3966 δυσ
357 3910 484 3982 ’Κάδμος
495 3911 583 3966 ἀνεῖλε
598 3921 644 3967 καὶ
657 3914 722 3970 τούς
736 3911 899 3970 ἀδόντας’
866 3918 952 3967 αυτοῦ
966 3918 1101 3983 ἔσπειρεν,

5 4020 10 4037 ι
57 3980 141 4054 ’ἐξ
115 4014 157 4046 ων
170 3994 344 4067 ἀνεφάνησαν
358 4018 386 4051 σι
380 3998 539 4071 (Γίγαντες.
574 3987 608 4064 ἦν
617 3996 647 4052 δε
655 4006 735 4073 τερος
749 3996 868 4072 ἡΣφὶγξ
881 4000 1038 4071 πρόσωπον
1050 4000 1102 4062 μέν

72 4082 176 4146 ἰχουσα
186 4084 340 4156 παρθενου,
351 4085 457 4151 στῆθος
465 4082 496 4138 δέ
505 4089 551 4136 καὶ
557 4089 648 4157 χεῖρας
656 4107 702 4139 και
695 4082 801 4141 πόδας
814 4083 891 4138 καί
874 4105 971 4151 ονυχας
980 4081 1101 4147 λέοντος,

890 4176 931 4233 8*
