2810 4704
285 263 348 328 150
677 274 916 330 ΕΥΡΙΠΙΔΟΥ

677 444 919 500 ΤΕΙΡΕΣΙΑΣ.

369 535 405 598 τί
420 534 639 619 προσπίτνεις
654 555 696 615 με
701 561 713 614 ,·
741 528 938 620 δυσφύλακτ’
960 530 1046 599 αίνεῖ
1060 532 1156 599 κακά.

372 740 465 821 σίγα·
491 734 592 801 πόλει
609 734 647 801 δὲ
662 648 957 824 τούΙδδδΕμῗέλίξης
974 690 1101 822 λόγους.

678 851 921 906 ΤΕΙΡΕΣΙΑΣ.

372 933 495 1005 ἀδικεῖν
511 937 652 1026 κελεύεις
669 933 717 1021 μ’,·
745 934 783 1004 οῦ
802 939 1033 1025 σιωπήσαιμεν
1051 934 1100 1005 άν.

722 1054 874 1109 ΚΡΕΩΝ.
983 1088 989 1097 ·

370 1144 405 1207 τί
422 1140 462 1228 δή
480 1165 522 1225 με
540 1140 690 1230 δράσεις,·
717 1142 825 1208 παῖδά
842 1165 906 1225 μου
925 1153 1146 1226 κατακτευεῑςς

676 1259 922 1315 ΤΕΙΡΕΣῙΑΣ.

371 1340 485 1420 άλλοις
500 1344 637 1430 μελήσει
653 1340 754 1423 ταῦτ’,
775 1343 849 1427 ἐμοὶ
869 1341 901 1411 δ’
921 1343 1097 1433 εἰρήσεται.

725 1458 879 1514 ΚΡΕΩΝ.

372 1543 483 1612 διττοῦ
503 1539 533 1611 δ’
554 1542 629 1629 ἐμοί
645 1540 717 1611 τόδ’
738 1534 823 1630 ήλθε
833 1548 897 1612 καὶ
913 1550 1013 1633 τέκνῳ
1032 1547 1147 1631 κακόν,

677 1660 922 1717 ΤΕΙΡΕΣΙΑΣ.

373 1744 488 1834 δρθῶς
503 1744 536 1832 μ’
557 1746 682 1835 ἐρωτᾷς
699 1748 767 1828 κείς
785 1745 881 1836 ἀγῶν’
903 1748 988 1839 ἔρχει
1005 1751 1121 1839 λόγων.

372 1851 426 1917 δεῖ
440 1850 535 1917 τόνδε
551 1850 738 1935 θαλάμαις,
759 1841 798 1917 οὗ
818 1852 946 1940 δράκων
965 1848 982 1919 δ
1001 1852 1134 1941 γηγενής

373 1950 497 2038 ἐγένετο
516 1957 637 2043 Δίρκης
654 1952 808 2037 ναμάτων
826 1952 1024 2034 ἐπίσκοπος,

373 2058 540 2142 σφαγέντα
558 2054 675 2142 φόνιον
694 2052 778 2138 αἷμα
794 2061 835 2144 γῇ
854 2056 967 2122 δοῦναι
981 2052 1065 2136 χοὰς

373 2156 527 2239 Κάδμου,
546 2159 700 2224 παλαιῶν
713 2152 821 2246 λ’ίρεος
839 2154 873 2220 ἐκ
889 2154 1093 2242 μηνιμάτων,

374 2255 412 2337 ὃς
427 2269 555 2345 γηγενεῖ
571 2258 723 2346 δράκοντι
740 2268 879 2345 τιμωρεῖ
895 2254 1005 2344 φόνον.

373 2363 550 2428 καὶταῦτα
568 2362 709 2450 δρῶντες
727 2360 895 2443 σύμμαχον
911 2351 1063 2445 κτήσεσθ’
1081 2349 1180 2442 Ἄρην.
1280 2422 1285 2428 ,

371 2459 467 2546 χθῶν
486 2459 517 2529 δ’
539 2459 611 2530 άντὶ
627 2468 759 2551 καρποῦ
775 2458 903 2549 καρπὸν
921 2455 994 2527 άντί
1011 2453 1045 2525 θ’
1067 2456 1204 2541 αἵματος

375 2561 443 2646 αἷμ’
463 2560 502 2649 ἢν
519 2564 603 2649 λάβῃ
620 2564 787 2649 βρότειον,
808 2559 886 2641 ἕξετ’
908 2558 1024 2648 εὐμενῆ

374 2669 445 2748 γῆν,
465 2657 487 2746 ή
503 2659 587 2728 ποθ’
606 2658 683 2744 ῦμῖν
698 2661 934 2749 χρυσοπήληκα
953 2662 1073 2742 στάχυν

376 2766 532 2848 σπαρτῶν
551 2758 678 2847 ἆνήκεν·
706 2760 871 2846 ἐκγόνους
888 2761 925 2828 δὲ
943 2762 995 2828 δεῖ
1011 2768 1129 2827 θανεῖν

374 2857 478 2942 τοῦδ’,
498 2858 536 2939 δς
554 2860 729 2949 δράκοντος
746 2866 859 2946 γένυος
877 2859 1039 2946 ἐκπέφυκε
1056 2870 1148 2937 παῖς.

376 2960 415 3031 σὺ
435 2960 466 3029 δ’
488 2959 603 3032 ἐνθάδ’
623 2960 701 3051 ήμῖν
718 2958 838 3040 λοιπὸς
856 2957 888 3028 εί
904 2966 1061 3046 σπαρτῶν
1078 2965 1190 3049 γένους

379 3061 545 3155 ἀκέραιος,
565 3066 600 3135 ἔκ
616 3091 653 3135 τε
670 3063 794 3156 μητρὸς
813 3061 958 3154 άρσένων
974 3060 1001 3130 τ’
1023 3059 1106 3144 άπο,

379 3168 412 3235 οἱ
429 3175 486 3236 σοί
501 3194 538 3237 τε
554 3171 685 3250 παῖδες.
721 3168 868 3253 Αἵμονος
885 3167 943 3252 μὲν
962 3156 1019 3234 οῦν
1035 3167 1138 3252 γάμοι

380 3267 511 3357 σφαγάς
529 3266 737 3360 οἰπείργοοσὀ
766 3267 804 3336 οὐ
822 3271 884 3358 γάρ
904 3268 993 3337 ἐστιν
1010 3265 1129 3357 ᾔθεος·
1152 3278 1165 3292 ”

378 3368 489 3457 κείμὴ
507 3368 569 3458 γὰρ
588 3368 681 3457 εῦνής
697 3367 811 3457 ἥψατ’,
832 3366 900 3436 ἀλλ’
922 3369 988 3452 ἔχει
1004 3372 1107 3452 λέχος.

380 3461 476 3550 οὗτος
495 3471 531 3538 δὲ
547 3474 674 3553 πῶλος,
693 3468 767 3560 τῇδ’
789 3468 956 3557 άνειμένος
972 3471 1085 3549 πόλει,

379 3570 495 3640 θανὼν
512 3574 671 3663 πατρῴαν
688 3582 785 3660 γαῖαν
804 3572 976 3641 δκσῶσειεν
994 3566 1043 3637 άν.

380 3671 498 3760 πικρὸν
517 3672 547 3742 δ’
564 3673 730 3765 Ἀδράστῳ
748 3675 865 3743 νόστον
878 3670 1053 3762 Ἀργείοισί
1069 3699 1105 3742 τε

247 3796 255 3806 ·
380 3775 496 3862 θήσει,
515 3779 671 3861 μέλαιναν
687 3773 755 3864 κῆρ’
776 3771 826 3840 ἐπ’
848 3771 992 3862 όμμασιν
1008 3776 1133 3863 βολῶν,
1257 3812 1264 3823 ’

380 3877 508 3955 κλεινάς
525 3902 561 3944 τε
580 3879 696 3964 θήβας.
733 3873 836 3944 τοῖνδ’
858 3876 932 3946 ἑλοῦ
951 3881 1042 3946 δυοῖν
1059 3879 1203 3963 πότμοιν

380 3972 437 4044 τὸν
455 3976 578 4068 ἕτερον·
605 3976 627 4069 ἢ
644 3978 706 4070 γάρ
724 3981 833 4048 παῖδα
850 3988 960 4051 σῶσον
980 3977 1124 4071 ἢπόλιν.
